4418 5888
978 803 1103 869 152

2067 1114 2464 1185 OCGLXH.

963 1264 1406 1335 mcHARn
1475 1264 1799 1335 MORYs
1868 1264 1991 1333 or
2063 1264 2659 1335 cowssnmes.
2752 1266 3325 1341 amr-cmm
3382 1268 3571 1338 Fon

1834 1403 2196 1475 HOWEL
2266 1404 2609 1473 CARNE.
3678 1356 3685 1361 ¹

1997 1554 2273 1645 [ciam
2316 1554 2550 1646 MSS]

2406 1707 2449 1773 7
2492 1706 2661 1783 Fun.
2753 1706 2840 1774 22
2884 1706 3094 1775 HEN:
3142 1707 3268 1777 VI.
3362 1710 3553 1775 1444.

980 1852 1300 1925 Omnibus
1327 1856 1570 1925 Christi
1598 1857 1896 1925 fidelibus
1929 1860 2015 1925 ad
2043 1881 2204 1946 quos
2232 1881 2491 1946 presens
2519 1860 2829 1946 scriptum
2856 1857 3219 1947 pervenerit
3294 1856 3653 1923 Rlcnnus

891 1994 1136 2063 Monrs
1213 1995 1555 2083 burgensis
1625 1997 1708 2063 de
1785 1996 2207 2063 Cousnueon
2298 1997 2574 2065 sulutem
2658 1996 2731 2063 in
2807 1996 3092 2063 Domino
3168 1994 3643 2083 sempiternam.

892 2132 1224 2201 Noveritis
1249 2156 1356 2200 me
1383 2134 1699 2202 remisisse
1727 2138 1795 2201 et
1821 2134 2300 2222 imperpetuum
2328 2134 2623 2221 quietum
2652 2134 2955 2201 clamasse
2990 2156 3109 2221 pro
3146 2154 3253 2199 me
3292 2137 3360 2199 et
3379 2130 3647 2200 heredi-

890 2270 1014 2339 bus
1055 2271 1218 2339 meis
1262 2271 1578 2339 Hownm
1614 2270 1854 2339 CARNE
1889 2271 2235 2339 heredibus
2272 2276 2339 2338 et
2378 2272 2721 2360 assignatis
2766 2272 2899 2339 suis
2936 2276 3150 2338 totum
3186 2270 3297 2358 jus
3332 2292 3555 2337 mcum
3580 2274 3649 2337 et

892 2410 1210 2477 clameum
1229 2410 1404 2496 quod
1418 2432 1710 2495 unquam
1730 2408 1932 2476 habui
1946 2408 2153 2477 habeo
2173 2432 2286 2475 seu
2302 2408 2721 2495 quovismodo
2736 2408 3158 2495 imposterum
3174 2407 3409 2474 habere
3426 2412 3649 2495 potero

893 2548 963 2613 in
995 2552 1273 2634 quatuor
1299 2547 1462 2614 acris
1501 2552 1670 2613 terre
1713 2551 1781 2613 et
1823 2546 2030 2613 tribus
2071 2547 2247 2613 rodis
2287 2547 2461 2633 prati
2503 2570 2652 2613 oum
2694 2546 3101 2633 pertinentiis
3140 2546 3333 2611 simul
3370 2546 3651 2612 iacentes

895 2684 965 2749 in
996 2706 1221 2770 campo
1249 2688 1474 2750 vocato
1506 2682 1732 2749 subtus
1759 2683 1822 2749 10
1851 2682 2102 2749 ΒΥΝΟΗ
2129 2684 2201 2750 111
2240 2682 2433 2750 feodo
2476 2684 2558 2750 de
2600 2682 3127 2749 Lmnmmnn
3171 2688 3367 2770 prout
3406 2682 3653 2751 ibidem

893 2821 1116 2911 jacent
1141 2822 1314 2889 inter
1338 2825 1580 2889 terram
1622 2844 1830 2909 nuper
1874 2821 2217 2911 WAme
2258 2822 2504 2889 Lenos
2548 2822 2619 2889 in
2663 2826 2847 2911 parte
2889 2821 3268 2889 occidentali
3312 2824 3379 2887 et
3411 2824 3651 2887 terram

897 2959 944 3026 J
944 2981 1248 3026 omme
1300 2959 1542 3026 Procn-
1587 2959 1660 3025 in
1703 2964 1887 3046 parte
1931 2960 2229 3027 orientali
2272 2965 2341 3027 et
2383 2965 2624 3027 terram
2676 2960 3002 3027 Huooms
3050 2959 3309 3027 BAssm·
3354 2960 3427 3026 in
3468 2964 3655 3046 parte

897 3098 1122 3165 eadem
1152 3102 1220 3164 et
1245 3101 1486 3164 terram
1505 3120 1716 3184 nuper
1736 3097 2117 3168 Wunnnm
2141 3096 2438 3164 Hnmro‘r
2460 3097 2531 3164 in
2552 3102 2736 3184 parte
2757 3098 3025 3164 ausu-ali
3056 3121 3183 3184 que
3204 3101 3483 3184 quatuor
3510 3119 3653 3164 acre

897 3239 1066 3302 terre
1095 3240 1163 3302 et
1189 3239 1320 3301 tres
1345 3236 1500 3302 rode
1529 3236 1859 3321 quondam
1887 3235 2159 3302 fuerunt
2184 3234 2232 3302 J
2234 3257 2538 3302 omnm
2568 3235 2807 3303 Bm‘rr.
2900 3234 3304 3302 Habendum
3332 3239 3401 3301 et
3426 3239 3655 3302 tenen·

898 3374 1058 3440 dum
1085 3373 1371 3460 predicte
1399 3377 1678 3459 quatuor
1705 3397 1883 3440 aeras
1909 3377 2078 3440 terre
2119 3377 2188 3440 et
2214 3377 2345 3442 tres
2371 3375 2561 3440 rodas
2588 3373 2761 3460 prati
2790 3395 2937 3439 oum
2966 3373 3374 3459 pertinentiis
3401 3371 3659 3460 prefato

898 3508 1214 3577 Hownno
1258 3509 1604 3578 heredibus
1654 3510 1786 3577 suis
1835 3515 1905 3578 et
1953 3510 2298 3600 assignatis
2343 3513 2425 3578 de
2476 3510 2739 3598 capitali
2789 3510 3054 3577 domino
3099 3509 3275 3576 feodi
3320 3510 3499 3576 illius
3540 3531 3657 3596 per

897 3647 1190 3714 redditus
1218 3651 1286 3714 et
1313 3649 1578 3715 servicia
1605 3647 1760 3716 inde
1787 3648 2009 3716 debita
2035 3654 2104 3717 et
2141 3650 2225 3716 de
2267 3649 2415 3737 jure
2458 3654 2780 3716 consueta.
2860 3647 2972 3715 Ite
3009 3649 3185 3735 quod
3212 3669 3335 3735 ego
3364 3646 3657 3733 prefatus

900 3781 1252 3851 RchRDUs
1281 3809 1400 3852 nec
1427 3786 1694 3854 heredes
1719 3787 1850 3853 mei
1887 3810 2008 3854 neo
2046 3785 2283 3874 aliquis
2320 3787 2487 3854 alius
2524 3785 2787 3853 nomine
2824 3791 3045 3853 nostro
3079 3785 3328 3871 aliquid
3354 3784 3523 3872 juris
3550 3784 3655 3850 vel

900 3921 1130 3990 clamei
1156 3923 1229 3989 in
1255 3922 1562 4012 predictis
1588 3929 1867 4013 quatuor
1894 3905 2072 3992 acras
2099 3929 2269 3992 terre
2298 3929 2365 3992 et
2390 3924 2599 3992 tribus
2632 3925 2808 3992 rodis
2841 3925 3014 4012 prati
3056 3946 3205 3992 cum
3248 3921 3655 4010 pertinentiis

900 4060 984 4126 de
1005 4062 1213 4126 cetero
1235 4059 1494 4148 exigere
1515 4061 1790 4128 clamare
1810 4059 2164 4149 poterimus
2187 4085 2300 4128 seu
2323 4061 2661 4128 vendicare
2690 4066 2787 4128 set
2808 4059 2891 4128 ab
2913 4060 3091 4128 omni
3119 4060 3369 4126 actione
3396 4057 3565 4146 juris
3591 4061 3659 4125 et

903 4197 1132 4265 olamei
1161 4220 1382 4266 sumus
1409 4198 1888 4286 imperpetuum
1917 4199 2161 4266 exclusi
2188 4221 2305 4286 per
2338 4203 2681 4285 presentes.
2757 4197 2846 4264 In
2876 4197 2979 4286 cuj
2986 4221 3063 4265 us
3090 4197 3186 4265 rei
3213 4195 3657 4264 testimonium

901 4335 1184 4423 presenti
1216 4335 1450 4423 scripto
1477 4359 1624 4403 meo
1653 4336 1944 4425 sigillum
1971 4359 2192 4403 meum
2220 4337 2507 4423 apposui.
2600 4336 2779 4403 Data
2820 4335 3093 4423 septimo
3138 4321 3245 4401 d'ie'
3286 4330 3660 4401 Ffebruarii

903 4495 1076 4542 1111110
1103 4473 1292 4562 regni
1321 4473 1528 4562 Regis
1555 4473 1868 4541 Humum
1900 4475 2068 4542 sexti
2094 4453 2241 4562 post
2273 4479 2693 4562 conquestum
2724 4473 3024 4542 vicesimo
3054 4473 3349 4584 secundo.

992 4625 1062 4692 A
1089 4626 1275 4713 lump
1305 4626 1437 4693 seal
1463 4625 1536 4693 in
1564 4624 1788 4693 brown
1816 4649 1981 4692 wax.
2073 4624 2160 4692 In
2187 4625 2303 4693 the
2333 4629 2547 4693 centre
2586 4649 2675 4694 en
2713 4625 3093 4714 equilateral
3132 4623 3341 4692 shield
3379 4623 3665 4712 charged

905 4762 1069 4832 with
1099 4787 1138 4831 a
1167 4764 1387 4852 giiffin
1415 4768 1732 4852 segreant.
1823 4763 1965 4832 The
1992 4763 2233 4854 legend
2258 4765 2317 4832 is
2343 4769 2461 4832 not
2486 4764 2745 4852 legible.
