4418 5888
1001 837 1131 902 364

908 1149 1084 1218 curie
1164 1151 1381 1216 nostre
1456 1145 1786 1214 audientie
1864 1142 2272 1212 omnum:
2344 1163 2680 1210 causarum
2757 1147 2827 1210 et
2909 1141 3320 1231 negotiorum
3401 1138 3659 1207 auditor

904 1285 1231 1376 legittime
1303 1287 1653 1373 deputatus
1720 1283 1794 1350 in
1874 1281 2157 1370 quadam
2235 1302 2428 1348 causa
2496 1277 2952 1368 appellacionis
3021 1283 3091 1347 et
3161 1277 3436 1366 querelae
3509 1299 3655 1365 quse

908 1447 1123 1492 coram
1179 1445 1257 1492 eo
1320 1423 1393 1490 in
1455 1421 1481 1511 j
1488 1421 1701 1489 udicio
1762 1420 1935 1488 inter
1996 1417 2504 1486 Emmnmu
2560 1414 2811 1486 ΚΒΜ-πε
2867 1415 3355 1484 ΙΛΝΒΔΠΝΒῙΒ
3411 1415 3658 1483 diocese

906 1565 1143 1629 nostrae
1202 1583 1329 1648 que
1385 1557 1814 1627 Garunna
1874 1555 2201 1646 provincie
2263 1559 2515 1644 partem
2581 1555 3018 1644 appellantem
3085 1557 3154 1622 et
3218 1553 3658 1641 querelantem
3745 1619 3758 1630 ,

906 1723 991 1768 ex
1045 1721 1180 1766 una
1235 1701 1303 1766 et
1366 1695 1785 1764 Eumonm
1858 1693 2223 1762 Ssmmnns
2290 1693 2452 1761 alias
2513 1692 2954 1762 Anmnnn
3019 1695 3088 1760 et
3159 1689 3656 1758 massanus

907 1835 1273 1905 Summum
1345 1833 1507 1901 alias
1577 1832 2015 1902 Anumnsa
2084 1835 2338 1920 partem
2408 1831 2802 1919 appellatam
2871 1834 2940 1898 et
3009 1829 3404 1932 querelatam
3474 1831 3657 1914 parte

906 1997 991 2044 ex
1046 1973 1251 2042 altera
1305 1971 1581 2041 vertitur
1630 1975 1699 2038 et
1746 1970 1989 2058 pendet
2040 1967 2328 2037 indecisa.
2374 1969 2500 2036 rite
2549 1971 2618 2036 et
2664 1967 2956 2056 legitime
3004 1968 3353 2056 procedens
3401 1967 3656 2034 easdem

908 2111 1329 2180 Ean-tonsu
1372 2107 1737 2177 §munus
1771 2107 1932 2175 alias
1970 2104 2410 2174 Anmnnnn
2451 2110 2520 2173 et
2560 2103 3057 2172 Mancsmffl
3099 2102 3465 2171 Sauum-ns
3497 2101 3658 2170 alias

908 2247 1349 2317 ALnxARDnn
1381 2270 1424 2314 a
1457 2243 1799 2314 sentenciis
1836 2241 2518 2312 excommunicacionis
2554 2241 2716 2309 alias
2753 2246 2976 2310 contra
3007 2240 3155 2309 illas
3181 2240 3252 2310 in
3280 2239 3659 2329 hujusmodi

908 2409 1101 2454 causa
1162 2385 1316 2453 latis
1379 2387 1447 2452 et
1504 2383 1768 2451 inflictis
1824 2383 1911 2449 ad
1966 2381 2352 2470 peticionem
2419 2381 2624 2470 partis
2689 2381 3010 2449 dictarum
3075 2377 3536 2447 Emessam
3591 2381 3660 2444 et

910 2521 1293 2590 Ennmou
1342 2521 1619 2610 [faciens
1655 2517 1885 2609 fidem]
1926 2519 2119 2609 juxta
2155 2519 2326 2607 juris
2365 2517 2763 2606 exigentiam
2805 2516 2878 2584 in
2917 2515 3042 2586 hac
3081 2519 3264 2605 parte
3304 2515 3424 2584 sub
3465 2516 3658 2583 modo

910 2666 981 2730 et
1006 2661 1219 2729 forma
1252 2660 1428 2728 inira
1460 2659 1697 2748 scripta
1730 2657 2076 2726 absolverit
2106 2661 2177 2724 et
2208 2655 2648 2724 communioni
2684 2655 2975 2722 fidelium
3010 2653 3366 2724 restituerit
3399 2652 3660 2742 justicia

910 2799 1259 2866 mediante.
1368 2795 1576 2866 Vobis
1618 2795 1825 2884 igitur
1872 2793 2276 2882 conjunctim
2322 2797 2393 2860 et
2439 2793 2699 2860 divisim
2747 2791 3212 2861 committimus
3267 2795 3336 2860 et
3391 2791 3660 2860 firmiter

912 2935 1327 3026 injungendo
1372 2935 1759 3003 mandamus
1816 2933 2125 3021 quatinus
2163 2929 2485 3020 prefatam
2533 2929 3032 2999 Manena-rm
3087 2929 3450 2999 Summum
3500 2929 3662 2997 alias

911 3072 1351 3144 Ainxmm
1394 3072 1485 3141 sic
1524 3076 1605 3140 ut
1643 3070 2043 3159 premittitur
2084 3069 2510 3138 aucthoritate
2551 3072 2773 3137 nostra
2813 3090 2856 3136 a
2903 3066 3244 3137 sentenciis
3291 3089 3656 3136 excommu-

911 3210 1259 3281 nicacionis
1314 3210 1619 3299 predictae
1676 3207 2049 3297 simpliciter
2105 3206 2468 3279 absolutam
2523 3212 2592 3275 et
2647 3206 3086 3274 communioni
3127 3204 3419 3273 fidelium
3473 3204 3657 3273 resti-

911 3352 1127 3417 tutam
1168 3350 1715 3434 memoratamque
1755 3344 2174 3413 Ennmonsu
2223 3343 2588 3413 Summam
2629 3342 2790 3411 alias
2830 3342 3269 3439 muamus
3308 3366 3351 3409 a
3390 3342 3660 3431 prefatis

915 3485 1259 3555 sentenciis
1314 3483 1995 3553 excommunicacionis
2050 3504 2256 3569 usque
2311 3483 2398 3549 ad
2447 3484 2515 3549 et
2563 3481 2635 3547 in
2685 3480 3032 3549 secundam
3081 3480 3256 3547 diem
3309 3479 3658 3569 juridicam

913 3626 1063 3712 post
1108 3622 1351 3691 festum
1400 3621 1535 3689 sive
1584 3620 1759 3688 diem
1808 3620 2237 3687 convertionis
2291 3618 2430 3687 divi
2485 3618 2710 3687 Pmu
2767 3618 3040 3706 apostoli
3093 3617 3121 3706 j
3127 3640 3236 3685 am
3289 3618 3659 3707 proximum

910 3760 1213 3829 futurum
1238 3762 1386 3847 post
1412 3760 1640 3826 datum
1666 3758 2065 3845 presentium
2090 3756 2388 3825 similiter
2420 3753 2781 3824 absolutam
2807 3758 2877 3823 et
2901 3754 3341 3823 communioni
3367 3754 3658 3823 fidelium

910 3898 1281 3968 restitutam
1335 3898 1534 3965 fuisse
1584 3902 1652 3965 et
1700 3919 1835 3964 esse
1884 3918 1959 3963 ac
2008 3917 2126 3983 pro
2174 3894 2266 3963 sio
2312 3894 2662 3981 respective
2703 3892 3064 3961 absolutam
3105 3895 3174 3959 et
3222 3891 3660 3960 communioni

914 4035 1209 4103 fidelium
1255 4034 1622 4102 restitutam
1670 4033 1743 4101 in
1788 4032 2066 4101 ecclesiis
2112 4032 2342 4100 vestris
2389 4028 2860 4119 parochialibus
2915 4028 3144 4098 diebus
3198 4029 3538 4098 dominicis
3593 4034 3662 4097 et

915 4172 1168 4241 festivis
1212 4173 1384 4240 inter
1428 4172 1683 4240 dierum
1728 4170 2039 4238 solemnia
2072 4169 2233 4236 dum
2287 4167 2502 4256 major
2554 4167 2627 4233 in
2671 4166 2914 4235 eisdem
2952 4167 3039 4233 ad
3077 4166 3300 4234 divina
3337 4166 3662 4234 audienda

914 4309 1203 4379 adfuerit
1250 4308 1477 4398 populi
1525 4308 1879 4377 multitudo
1928 4306 2146 4397 palam
2195 4309 2264 4374 et
2308 4304 2566 4394 publice
2615 4303 2990 4373 immediate
3037 4308 3185 4393 post
3230 4303 3660 4391 receptionem

790 4428 815 4443 “
914 4450 1313 4539 premam
1357 4447 1699 4538 publicetis
1746 4451 1815 4515 ει
1862 4446 2197 4515 declaretis
2243 4424 2358 4513 seu
2405 4442 2496 4512 sio
2551 4442 2867 4531 publioari
2921 4444 2992 4509 et
3047 4439 3359 4509 declarari
3405 4438 3660 4507 saeuas

914 4606 1065 4657 cum
1122 4585 1359 4654 effectu
1414 4584 1534 4653 sub
1590 4606 1787 4673 poena
1841 4583 2026 4672 juris.
2143 4581 2242 4651 Et
2295 4582 2456 4672 quid
2509 4580 2583 4650 in
2638 4580 2985 4670 praemissis
3038 4549 3318 4649 feceritis
3371 4600 3490 4646 nos
3545 4578 3663 4645 aut

914 4722 1279 4791 auditorem
1304 4726 1601 4790 nostrum
1626 4720 2026 4789 antedictum
2052 4720 2159 4790 vel
2185 4720 2392 4788 alium
2417 4720 2706 4810 judicem
2729 4719 2802 4787 in
2829 4718 2952 4788 hac
2979 4721 3162 4807 parte
3191 4718 3663 4803 competentem
