<?xml version="1.0" encoding="UTF-8"?>
<!DOCTYPE html PUBLIC "-//W3C//DTD XHTML 1.0 Transitional//EN"
    "http://www.w3.org/TR/xhtml1/DTD/xhtml1-transitional.dtd">
<html xmlns="http://www.w3.org/1999/xhtml" xml:lang="en" lang="en">
 <head>
  <title>
</title>
<meta http-equiv="Content-Type" content="text/html;charset=utf-8" />
  <meta name='ocr-system' content='tesseract 3.04.00' />
  <meta name='ocr-capabilities' content='ocr_page ocr_carea ocr_par ocr_line ocrx_word'/>
</head>
<body>
  <div class='ocr_page' id='page_1' title='image "./cartetaliamunim00diogoog_0061.png"; bbox 0 0 4418 5888; ppageno 0'>
   <div class='ocr_carea' id='block_1_1' title="bbox 3340 1006 3428 1073">
    <p class='ocr_par' dir='ltr' id='par_1_1' title="bbox 3340 1006 3428 1073">
     <span class='ocr_line' id='line_1_1' title="bbox 3340 1006 3428 1073; baseline 0.023 -2"><span class='ocrx_word' id='word_1_1' title='bbox 3340 1006 3428 1073; x_wconf 83' lang='lat'><strong>3⁷</strong></span> 
     </span>
    </p>
   </div>
   <div class='ocr_carea' id='block_1_2' title="bbox 1995 1319 2286 1389">
    <p class='ocr_par' dir='ltr' id='par_1_2' title="bbox 1995 1319 2286 1389">
     <span class='ocr_line' id='line_1_2' title="bbox 1995 1319 2286 1389; baseline -0.01 0"><span class='ocrx_word' id='word_1_2' title='bbox 1995 1319 2286 1389; x_wconf 83' lang='lat' dir='ltr'><strong>GGO&#39;VI.</strong></span> 
     </span>
    </p>
   </div>
   <div class='ocr_carea' id='block_1_3' title="bbox 763 1464 3521 2111">
    <p class='ocr_par' dir='ltr' id='par_1_3' title="bbox 763 1464 3521 1955">
     <span class='ocr_line' id='line_1_3' title="bbox 763 1464 3513 1553; baseline -0.003 -9"><span class='ocrx_word' id='word_1_3' title='bbox 763 1474 1008 1544; x_wconf 79' lang='lat' dir='ltr'><strong>PoPn</strong></span> <span class='ocrx_word' id='word_1_4' title='bbox 1060 1469 1545 1542; x_wconf 75' lang='lat' dir='ltr'><strong>BonAcn</strong></span> <span class='ocrx_word' id='word_1_5' title='bbox 1596 1470 1729 1540; x_wconf 78' lang='lat' dir='ltr'><strong>rx,</strong></span> <span class='ocrx_word' id='word_1_6' title='bbox 1776 1469 1895 1538; x_wconf 76' lang='lat' dir='ltr'><strong>&#39;ro</strong></span> <span class='ocrx_word' id='word_1_7' title='bbox 1949 1469 2148 1537; x_wconf 80' lang='lat' dir='ltr'><strong>THE</strong></span> <span class='ocrx_word' id='word_1_8' title='bbox 2199 1470 2519 1539; x_wconf 77' lang='grc' dir='ltr'><strong>ΑΒΒΟΤ</strong></span> <span class='ocrx_word' id='word_1_9' title='bbox 2572 1469 2694 1539; x_wconf 74' lang='lat' dir='ltr'><strong>oF</strong></span> <span class='ocrx_word' id='word_1_10' title='bbox 2744 1469 3103 1553; x_wconf 79' lang='lat' dir='ltr'><strong>NEATH,</strong></span> <span class='ocrx_word' id='word_1_11' title='bbox 3158 1464 3513 1538; x_wconf 64' lang='lat' dir='ltr'>0121)an</span> 
     </span>
     <span class='ocr_line' id='line_1_4' title="bbox 941 1602 3515 1681; baseline -0.001 -2"><span class='ocrx_word' id='word_1_12' title='bbox 941 1609 1120 1681; x_wconf 77' lang='lat' dir='ltr'><strong>mc</strong></span> <span class='ocrx_word' id='word_1_13' title='bbox 1192 1609 1390 1678; x_wconf 80' lang='lat' dir='ltr'><strong>Hm</strong></span> <span class='ocrx_word' id='word_1_14' title='bbox 1462 1609 1582 1677; x_wconf 75' lang='lat' dir='ltr'><strong>To</strong></span> <span class='ocrx_word' id='word_1_15' title='bbox 1655 1607 2498 1677; x_wconf 75' lang='lat' dir='ltr'><strong>ExooMMUNIGATE</strong></span> <span class='ocrx_word' id='word_1_16' title='bbox 2573 1607 2883 1677; x_wconf 75' lang='lat' dir='ltr'><strong>&#39;rnosn</strong></span> <span class='ocrx_word' id='word_1_17' title='bbox 2948 1607 3180 1678; x_wconf 84' lang='lat' dir='ltr'><strong>wHo</strong></span> <span class='ocrx_word' id='word_1_18' title='bbox 3239 1602 3515 1677; x_wconf 76' lang='lat' dir='ltr'><strong>HAVE</strong></span> 
     </span>
     <span class='ocr_line' id='line_1_5' title="bbox 943 1735 3521 1827; baseline -0.002 -9"><span class='ocrx_word' id='word_1_19' title='bbox 943 1749 1376 1818; x_wconf 81' lang='lat' dir='ltr'><strong>[NJURED</strong></span> <span class='ocrx_word' id='word_1_20' title='bbox 1458 1746 1659 1815; x_wconf 72' lang='lat' dir='ltr'><strong>THE</strong></span> <span class='ocrx_word' id='word_1_21' title='bbox 1739 1744 2056 1814; x_wconf 76' lang='grc' dir='ltr'><strong>ΑΒΒΟΤ</strong></span> <span class='ocrx_word' id='word_1_22' title='bbox 2129 1746 2280 1814; x_wconf 76' lang='lat' dir='ltr'><strong>oF·</strong></span> <span class='ocrx_word' id='word_1_23' title='bbox 2337 1744 2782 1827; x_wconf 68' lang='lat' dir='ltr'><strong>mem,</strong></span> <span class='ocrx_word' id='word_1_24' title='bbox 2863 1743 3173 1813; x_wconf 69' lang='lat' dir='ltr'><strong>UN&#39;m,</strong></span> <span class='ocrx_word' id='word_1_25' title='bbox 3248 1735 3521 1812; x_wconf 60' lang='lat' dir='ltr'><strong>&#39;runt</strong></span> 
     </span>
     <span class='ocr_line' id='line_1_6' title="bbox 943 1880 1951 1955; baseline -0.002 0"><span class='ocrx_word' id='word_1_26' title='bbox 943 1886 1226 1955; x_wconf 74' lang='lat' dir='ltr'>MAJOE</span> <span class='ocrx_word' id='word_1_27' title='bbox 1287 1880 1951 1954; x_wconf 72' lang='lat' dir='ltr'><strong>REsTITUTIoN.</strong></span> 
     </span>
    </p>

    <p class='ocr_par' dir='ltr' id='par_1_4' title="bbox 1955 2019 2342 2111">
     <span class='ocr_line' id='line_1_7' title="bbox 1955 2019 2342 2111; baseline -0.003 -22"><span class='ocrx_word' id='word_1_28' title='bbox 1955 2021 2072 2111; x_wconf 78' lang='grc'><strong>[6.</strong></span> <span class='ocrx_word' id='word_1_29' title='bbox 2107 2019 2188 2090; x_wconf 79' lang='lat' dir='ltr'><strong>c.</strong></span> <span class='ocrx_word' id='word_1_30' title='bbox 2222 2019 2342 2110; x_wconf 70' lang='lat' dir='ltr'><strong>R]</strong></span> 
     </span>
    </p>
   </div>
   <div class='ocr_carea' id='block_1_4' title="bbox 1601 2137 3431 2265">
    <p class='ocr_par' dir='ltr' id='par_1_5' title="bbox 1601 2137 3431 2265">
     <span class='ocr_line' id='line_1_8' title="bbox 1601 2137 3431 2265; baseline -0.001 -13"><span class='ocrx_word' id='word_1_31' title='bbox 1601 2188 1644 2252; x_wconf 87' lang='lat'>8</span> <span class='ocrx_word' id='word_1_32' title='bbox 1688 2185 1867 2253; x_wconf 71' lang='grc' dir='ltr'><strong>ΚΑΙ..</strong></span> <span class='ocrx_word' id='word_1_33' title='bbox 1915 2184 1962 2253; x_wconf 88' lang='lat' dir='ltr'><strong>J</strong></span> <span class='ocrx_word' id='word_1_34' title='bbox 1965 2207 2078 2252; x_wconf 74' lang='lat' dir='ltr'><strong>tm.</strong></span> <span class='ocrx_word' id='word_1_35' title='bbox 2171 2185 2257 2253; x_wconf 89' lang='lat' dir='ltr'><strong>V.</strong></span> <span class='ocrx_word' id='word_1_36' title='bbox 2306 2185 2783 2252; x_wconf 66' lang='lat' dir='ltr'><strong>Ponnmcnn.</strong></span> <span class='ocrx_word' id='word_1_37' title='bbox 2874 2185 2958 2250; x_wconf 82' lang='lat'><strong>25</strong></span> <span class='ocrx_word' id='word_1_38' title='bbox 3004 2137 3194 2265; x_wconf 59' lang='lat' dir='ltr'><strong>Min,</strong></span> <span class='ocrx_word' id='word_1_39' title='bbox 3245 2185 3431 2251; x_wconf 85' lang='lat'><strong>1394.</strong></span> 
     </span>
    </p>
   </div>
   <div class='ocr_carea' id='block_1_5' title="bbox 769 2334 3623 5041">
    <p class='ocr_par' dir='ltr' id='par_1_6' title="bbox 769 2334 3534 4229">
     <span class='ocr_line' id='line_1_9' title="bbox 858 2334 3523 2425; baseline -0.001 -20"><span class='ocrx_word' id='word_1_40' title='bbox 858 2339 1277 2406; x_wconf 60' lang='lat' dir='ltr'><strong>Bomracms</strong></span> <span class='ocrx_word' id='word_1_41' title='bbox 1307 2337 1638 2425; x_wconf 89' lang='lat' dir='ltr'><strong>episcopus</strong></span> <span class='ocrx_word' id='word_1_42' title='bbox 1666 2358 1886 2402; x_wconf 82' lang='lat' dir='ltr'><strong>servus</strong></span> <span class='ocrx_word' id='word_1_43' title='bbox 1914 2358 2243 2402; x_wconf 87' lang='lat' dir='ltr'><strong>servorum</strong></span> <span class='ocrx_word' id='word_1_44' title='bbox 2275 2335 2405 2403; x_wconf 90' lang='lat' dir='ltr'><strong>Dei</strong></span> <span class='ocrx_word' id='word_1_45' title='bbox 2433 2336 2667 2402; x_wconf 85' lang='lat' dir='ltr'><strong>dilecto</strong></span> <span class='ocrx_word' id='word_1_46' title='bbox 2707 2335 2841 2401; x_wconf 85' lang='lat' dir='ltr'><strong>filio</strong></span> <span class='ocrx_word' id='word_1_47' title='bbox 2886 2334 3107 2401; x_wconf 88' lang='lat' dir='ltr'><strong>abbati</strong></span> <span class='ocrx_word' id='word_1_48' title='bbox 3148 2334 3523 2402; x_wconf 81' lang='lat' dir='ltr'><strong>monasterii</strong></span> 
     </span>
     <span class='ocr_line' id='line_1_10' title="bbox 769 2469 3524 2561; baseline -0.001 -18"><span class='ocrx_word' id='word_1_49' title='bbox 769 2481 993 2544; x_wconf 82' lang='lat' dir='ltr'><strong>sancte</strong></span> <span class='ocrx_word' id='word_1_50' title='bbox 1032 2469 1277 2542; x_wconf 75' lang='lat' dir='ltr'><strong>MAmn</strong></span> <span class='ocrx_word' id='word_1_51' title='bbox 1323 2475 1403 2542; x_wconf 90' lang='lat' dir='ltr'><strong>de</strong></span> <span class='ocrx_word' id='word_1_52' title='bbox 1446 2473 1705 2541; x_wconf 63' lang='lat' dir='ltr'><strong>Num</strong></span> <span class='ocrx_word' id='word_1_53' title='bbox 1748 2472 2237 2540; x_wconf 58' lang='lat' dir='ltr'><strong>Lamnum-ism</strong></span> <span class='ocrx_word' id='word_1_54' title='bbox 2287 2475 2611 2555; x_wconf 88' lang='lat' dir='ltr'><strong>diocesios,</strong></span> <span class='ocrx_word' id='word_1_55' title='bbox 2664 2474 3058 2541; x_wconf 86' lang='lat' dir='ltr'><strong>salutemet</strong></span> <span class='ocrx_word' id='word_1_56' title='bbox 3109 2473 3524 2561; x_wconf 87' lang='lat' dir='ltr'><strong>apostolicam</strong></span> 
     </span>
     <span class='ocr_line' id='line_1_11' title="bbox 773 2611 3527 2700; baseline -0.001 -19"><span class='ocrx_word' id='word_1_57' title='bbox 773 2613 1306 2681; x_wconf 76' lang='lat' dir='ltr'><strong>benedictionem.</strong></span> <span class='ocrx_word' id='word_1_58' title='bbox 1400 2612 1945 2700; x_wconf 73' lang='lat' dir='ltr'><strong>significaverunt</strong></span> <span class='ocrx_word' id='word_1_59' title='bbox 1981 2611 2199 2678; x_wconf 90' lang='lat' dir='ltr'><strong>dilecti</strong></span> <span class='ocrx_word' id='word_1_60' title='bbox 2240 2611 2363 2678; x_wconf 90' lang='lat' dir='ltr'><strong>filii</strong></span> <span class='ocrx_word' id='word_1_61' title='bbox 2406 2611 2603 2679; x_wconf 89' lang='lat' dir='ltr'><strong>abbas</strong></span> <span class='ocrx_word' id='word_1_62' title='bbox 2647 2619 2710 2678; x_wconf 85' lang='lat' dir='ltr'><strong>et</strong></span> <span class='ocrx_word' id='word_1_63' title='bbox 2754 2617 3107 2678; x_wconf 87' lang='lat' dir='ltr'><strong>conventus</strong></span> <span class='ocrx_word' id='word_1_64' title='bbox 3147 2612 3527 2679; x_wconf 85' lang='lat' dir='ltr'><strong>monasterii</strong></span> 
     </span>
     <span class='ocr_line' id='line_1_12' title="bbox 770 2747 3527 2835; baseline -0.001 -16"><span class='ocrx_word' id='word_1_65' title='bbox 770 2753 856 2820; x_wconf 88' lang='lat' dir='ltr'><strong>de</strong></span> <span class='ocrx_word' id='word_1_66' title='bbox 914 2751 1227 2818; x_wconf 58' lang='lat' dir='ltr'><strong>Maon«</strong></span> <span class='ocrx_word' id='word_1_67' title='bbox 1288 2749 1725 2818; x_wconf 74' lang='lat' dir='ltr'><strong>cisterciensis</strong></span> <span class='ocrx_word' id='word_1_68' title='bbox 1783 2748 2026 2815; x_wconf 75' lang='lat' dir='ltr'>ordinis</span> <span class='ocrx_word' id='word_1_69' title='bbox 2083 2747 2572 2816; x_wconf 76' lang='lat' dir='ltr'>LANDAVENSIS</span> <span class='ocrx_word' id='word_1_70' title='bbox 2623 2749 2947 2829; x_wconf 85' lang='lat' dir='ltr'><strong>diocesios,</strong></span> <span class='ocrx_word' id='word_1_71' title='bbox 2998 2750 3167 2835; x_wconf 88' lang='lat' dir='ltr'><strong>quod</strong></span> <span class='ocrx_word' id='word_1_72' title='bbox 3223 2749 3527 2816; x_wconf 82' lang='lat' dir='ltr'><strong>nonnulli</strong></span> 
     </span>
     <span class='ocr_line' id='line_1_13' title="bbox 775 2859 3524 2977; baseline -0.001 -20"><span class='ocrx_word' id='word_1_73' title='bbox 775 2888 1140 2977; x_wconf 86' lang='lat' dir='ltr'><strong>iniquitatis</strong></span> <span class='ocrx_word' id='word_1_74' title='bbox 1181 2887 1305 2954; x_wconf 87' lang='lat' dir='ltr'><strong>filii</strong></span> <span class='ocrx_word' id='word_1_75' title='bbox 1347 2909 1508 2975; x_wconf 88' lang='lat' dir='ltr'><strong>quos</strong></span> <span class='ocrx_word' id='word_1_76' title='bbox 1550 2859 1808 2975; x_wconf 77' lang='lat' dir='ltr'><strong>prorsus</strong></span> <span class='ocrx_word' id='word_1_77' title='bbox 1853 2886 2182 2974; x_wconf 80' lang='lat' dir='ltr'><strong>ignorant,</strong></span> <span class='ocrx_word' id='word_1_78' title='bbox 2226 2887 2524 2969; x_wconf 85' lang='lat' dir='ltr'><strong>decimas,</strong></span> <span class='ocrx_word' id='word_1_79' title='bbox 2571 2886 2910 2976; x_wconf 76' lang='lat' dir='ltr'><strong>primitiae,</strong></span> <span class='ocrx_word' id='word_1_80' title='bbox 2950 2890 3173 2969; x_wconf 85' lang='lat' dir='ltr'><strong>terras,</strong></span> <span class='ocrx_word' id='word_1_81' title='bbox 3212 2887 3524 2968; x_wconf 88' lang='lat' dir='ltr'><strong>redditus,</strong></span> 
     </span>
     <span class='ocr_line' id='line_1_14' title="bbox 780 3022 3521 3115; baseline -0.001 -19"><span class='ocrx_word' id='word_1_82' title='bbox 780 3046 1023 3110; x_wconf 86' lang='lat' dir='ltr'><strong>census,</strong></span> <span class='ocrx_word' id='word_1_83' title='bbox 1055 3028 1295 3115; x_wconf 86' lang='lat' dir='ltr'><strong>legata,</strong></span> <span class='ocrx_word' id='word_1_84' title='bbox 1327 3027 1571 3107; x_wconf 89' lang='lat' dir='ltr'><strong>domos,</strong></span> <span class='ocrx_word' id='word_1_85' title='bbox 1601 3029 1809 3113; x_wconf 85' lang='lat' dir='ltr'><strong>prata,</strong></span> <span class='ocrx_word' id='word_1_86' title='bbox 1839 3047 2094 3113; x_wconf 85' lang='lat' dir='ltr'><strong>pascua,</strong></span> <span class='ocrx_word' id='word_1_87' title='bbox 2125 3048 2410 3107; x_wconf 86' lang='lat' dir='ltr'><strong>nemora,</strong></span> <span class='ocrx_word' id='word_1_88' title='bbox 2442 3026 2816 3092; x_wconf 88' lang='lat' dir='ltr'><strong>molendina</strong></span> <span class='ocrx_word' id='word_1_89' title='bbox 2857 3025 3054 3107; x_wconf 88' lang='lat' dir='ltr'><strong>bladi,</strong></span> <span class='ocrx_word' id='word_1_90' title='bbox 3086 3029 3154 3092; x_wconf 91' lang='lat' dir='ltr'><strong>et</strong></span> <span class='ocrx_word' id='word_1_91' title='bbox 3202 3023 3434 3114; x_wconf 87' lang='lat' dir='ltr'><strong>[etiam</strong></span> <span class='ocrx_word' id='word_1_92' title='bbox 3453 3022 3521 3114; x_wconf 80' lang='grc' dir='ltr'><strong>Ρ]</strong></span> 
     </span>
     <span class='ocr_line' id='line_1_15' title="bbox 778 3161 3529 3252; baseline -0.002 -19"><span class='ocrx_word' id='word_1_93' title='bbox 778 3166 1214 3233; x_wconf 85' lang='lat' dir='ltr'><strong>instrumenta</strong></span> <span class='ocrx_word' id='word_1_94' title='bbox 1271 3162 1551 3252; x_wconf 89' lang='lat' dir='ltr'><strong>publica,</strong></span> <span class='ocrx_word' id='word_1_95' title='bbox 1610 3163 1862 3230; x_wconf 85' lang='lat' dir='ltr'><strong>litteras</strong></span> <span class='ocrx_word' id='word_1_96' title='bbox 1925 3164 2304 3245; x_wconf 83' lang='lat' dir='ltr'><strong>autenticas,</strong></span> <span class='ocrx_word' id='word_1_97' title='bbox 2377 3169 2743 3231; x_wconf 84' lang='lat' dir='ltr'><strong>sanctorum</strong></span> <span class='ocrx_word' id='word_1_98' title='bbox 2802 3165 3127 3251; x_wconf 75' lang='lat' dir='ltr'><strong>reliquias,</strong></span> <span class='ocrx_word' id='word_1_99' title='bbox 3184 3161 3401 3242; x_wconf 84' lang='lat' dir='ltr'><strong>libros,</strong></span> <span class='ocrx_word' id='word_1_100' title='bbox 3461 3165 3529 3229; x_wconf 90' lang='lat' dir='ltr'><strong>et</strong></span> 
     </span>
     <span class='ocr_line' id='line_1_16' title="bbox 777 3301 3527 3390; baseline -0.001 -20"><span class='ocrx_word' id='word_1_101' title='bbox 777 3308 1164 3385; x_wconf 85' lang='lat' dir='ltr'><strong>ornamenta</strong></span> <span class='ocrx_word' id='word_1_102' title='bbox 1191 3302 1631 3382; x_wconf 84' lang='lat' dir='ltr'><strong>ecclesiastica,</strong></span> <span class='ocrx_word' id='word_1_103' title='bbox 1663 3323 1878 3368; x_wconf 86' lang='lat' dir='ltr'><strong>cruces</strong></span> <span class='ocrx_word' id='word_1_104' title='bbox 1907 3306 1973 3367; x_wconf 91' lang='lat' dir='ltr'><strong>et</strong></span> <span class='ocrx_word' id='word_1_105' title='bbox 2003 3301 2247 3383; x_wconf 84' lang='lat' dir='ltr'><strong>calices,</strong></span> <span class='ocrx_word' id='word_1_106' title='bbox 2279 3323 2434 3368; x_wconf 83' lang='lat' dir='ltr'><strong>vasa</strong></span> <span class='ocrx_word' id='word_1_107' title='bbox 2468 3324 2662 3369; x_wconf 84' lang='lat' dir='ltr'><strong>aurea</strong></span> <span class='ocrx_word' id='word_1_108' title='bbox 2705 3307 2771 3368; x_wconf 90' lang='lat' dir='ltr'><strong>et</strong></span> <span class='ocrx_word' id='word_1_109' title='bbox 2815 3305 3143 3390; x_wconf 86' lang='lat' dir='ltr'><strong>argentea,</strong></span> <span class='ocrx_word' id='word_1_110' title='bbox 3188 3301 3527 3368; x_wconf 84' lang='lat' dir='ltr'><strong>domorum</strong></span> 
     </span>
     <span class='ocr_line' id='line_1_17' title="bbox 779 3438 3531 3527; baseline -0.001 -19"><span class='ocrx_word' id='word_1_111' title='bbox 779 3441 1102 3522; x_wconf 77' lang='lat' dir='ltr'><strong>utensilia,</strong></span> <span class='ocrx_word' id='word_1_112' title='bbox 1153 3462 1368 3527; x_wconf 85' lang='lat' dir='ltr'><strong>equos,</strong></span> <span class='ocrx_word' id='word_1_113' title='bbox 1419 3438 1634 3518; x_wconf 84' lang='lat' dir='ltr'><strong>boves,</strong></span> <span class='ocrx_word' id='word_1_114' title='bbox 1688 3460 1930 3519; x_wconf 78' lang='lat' dir='ltr'><strong>vaccas,</strong></span> <span class='ocrx_word' id='word_1_115' title='bbox 1980 3460 2151 3519; x_wconf 84' lang='lat' dir='ltr'><strong>oves,</strong></span> <span class='ocrx_word' id='word_1_116' title='bbox 2196 3460 2439 3525; x_wconf 85' lang='lat' dir='ltr'><strong>porcos,</strong></span> <span class='ocrx_word' id='word_1_117' title='bbox 2491 3439 2911 3525; x_wconf 76' lang='lat' dir='ltr'><strong>pecuniarum</strong></span> <span class='ocrx_word' id='word_1_118' title='bbox 2968 3460 3271 3519; x_wconf 85' lang='lat' dir='ltr'><strong>summas,</strong></span> <span class='ocrx_word' id='word_1_119' title='bbox 3316 3458 3531 3505; x_wconf 82' lang='lat' dir='ltr'><strong>servos</strong></span> 
     </span>
     <span class='ocr_line' id='line_1_18' title="bbox 778 3576 3532 3667; baseline -0.001 -21"><span class='ocrx_word' id='word_1_120' title='bbox 778 3579 1128 3667; x_wconf 87' lang='lat' dir='ltr'><strong>emptitios,</strong></span> <span class='ocrx_word' id='word_1_121' title='bbox 1169 3583 1236 3644; x_wconf 90' lang='lat' dir='ltr'><strong>et</strong></span> <span class='ocrx_word' id='word_1_122' title='bbox 1277 3578 1596 3644; x_wconf 84' lang='lat' dir='ltr'><strong>nonnulla</strong></span> <span class='ocrx_word' id='word_1_123' title='bbox 1638 3576 1768 3643; x_wconf 85' lang='lat' dir='ltr'><strong>alia</strong></span> <span class='ocrx_word' id='word_1_124' title='bbox 1800 3576 1972 3642; x_wconf 83' lang='lat' dir='ltr'><strong>bona</strong></span> <span class='ocrx_word' id='word_1_125' title='bbox 2000 3577 2084 3642; x_wconf 80' lang='lat' dir='ltr'><strong>ad</strong></span> <span class='ocrx_word' id='word_1_126' title='bbox 2112 3576 2360 3642; x_wconf 88' lang='lat' dir='ltr'><strong>dictum</strong></span> <span class='ocrx_word' id='word_1_127' title='bbox 2389 3577 2855 3644; x_wconf 86' lang='lat' dir='ltr'><strong>monasterium</strong></span> <span class='ocrx_word' id='word_1_128' title='bbox 2883 3576 3261 3665; x_wconf 76' lang='lat' dir='ltr'><strong>spectantia,</strong></span> <span class='ocrx_word' id='word_1_129' title='bbox 3289 3580 3532 3643; x_wconf 79' lang='lat' dir='ltr'><strong>temere</strong></span> 
     </span>
     <span class='ocr_line' id='line_1_19' title="bbox 778 3714 3533 3801; baseline -0.001 -17"><span class='ocrx_word' id='word_1_130' title='bbox 778 3722 850 3784; x_wconf 81' lang='lat' dir='ltr'><strong>et</strong></span> <span class='ocrx_word' id='word_1_131' title='bbox 905 3716 1223 3782; x_wconf 74' lang='lat' dir='ltr'><strong>malitiose</strong></span> <span class='ocrx_word' id='word_1_132' title='bbox 1283 3715 1600 3781; x_wconf 83' lang='lat' dir='ltr'><strong>occultare</strong></span> <span class='ocrx_word' id='word_1_133' title='bbox 1658 3717 1725 3780; x_wconf 87' lang='lat' dir='ltr'><strong>et</strong></span> <span class='ocrx_word' id='word_1_134' title='bbox 1784 3714 2028 3780; x_wconf 82' lang='lat' dir='ltr'><strong>occulte</strong></span> <span class='ocrx_word' id='word_1_135' title='bbox 2085 3714 2377 3779; x_wconf 89' lang='lat' dir='ltr'><strong>detinere</strong></span> <span class='ocrx_word' id='word_1_136' title='bbox 2436 3720 2830 3801; x_wconf 86' lang='lat' dir='ltr'><strong>presumant,</strong></span> <span class='ocrx_word' id='word_1_137' title='bbox 2905 3737 3038 3781; x_wconf 91' lang='lat' dir='ltr'><strong>non</strong></span> <span class='ocrx_word' id='word_1_138' title='bbox 3100 3719 3396 3781; x_wconf 79' lang='lat' dir='ltr'><strong>curantes</strong></span> <span class='ocrx_word' id='word_1_139' title='bbox 3452 3735 3533 3781; x_wconf 84' lang='lat' dir='ltr'><strong>ea</strong></span> 
     </span>
     <span class='ocr_line' id='line_1_20' title="bbox 782 3851 3534 3954; baseline -0.001 -34"><span class='ocrx_word' id='word_1_140' title='bbox 782 3855 1050 3943; x_wconf 65' lang='lat' dir='ltr'><strong>prelatis</strong></span> <span class='ocrx_word' id='word_1_141' title='bbox 1101 3852 1324 3920; x_wconf 85' lang='lat' dir='ltr'><strong>abbati</strong></span> <span class='ocrx_word' id='word_1_142' title='bbox 1373 3858 1440 3919; x_wconf 90' lang='lat' dir='ltr'><strong>et</strong></span> <span class='ocrx_word' id='word_1_143' title='bbox 1491 3852 1838 3919; x_wconf 87' lang='lat' dir='ltr'><strong>conventui</strong></span> <span class='ocrx_word' id='word_1_144' title='bbox 1886 3851 2187 3918; x_wconf 81' lang='lat' dir='ltr'><strong>exhibere</strong></span> <span class='ocrx_word' id='word_1_145' title='bbox 2230 3852 2303 3917; x_wconf 90' lang='lat' dir='ltr'><strong>in</strong></span> <span class='ocrx_word' id='word_1_146' title='bbox 2348 3852 2712 3954; x_wconf 80' lang='lat' dir='ltr'><strong>animarum</strong></span> <span class='ocrx_word' id='word_1_147' title='bbox 2756 3874 3019 3918; x_wconf 88' lang='lat' dir='ltr'><strong>suarum</strong></span> <span class='ocrx_word' id='word_1_148' title='bbox 3061 3853 3420 3939; x_wconf 90' lang='lat' dir='ltr'><strong>periculum</strong></span> <span class='ocrx_word' id='word_1_149' title='bbox 3466 3855 3534 3919; x_wconf 91' lang='lat' dir='ltr'><strong>et</strong></span> 
     </span>
     <span class='ocr_line' id='line_1_21' title="bbox 783 3989 3529 4072; baseline -0.001 -13"><span class='ocrx_word' id='word_1_150' title='bbox 783 3993 1103 4059; x_wconf 84' lang='lat' dir='ltr'><strong>dictorum</strong></span> <span class='ocrx_word' id='word_1_151' title='bbox 1155 3990 1407 4057; x_wconf 82' lang='lat' dir='ltr'><strong>abbatis</strong></span> <span class='ocrx_word' id='word_1_152' title='bbox 1457 3996 1522 4057; x_wconf 90' lang='lat' dir='ltr'><strong>et</strong></span> <span class='ocrx_word' id='word_1_153' title='bbox 1569 3995 1922 4056; x_wconf 87' lang='lat' dir='ltr'><strong>conventus</strong></span> <span class='ocrx_word' id='word_1_154' title='bbox 1966 4012 2038 4055; x_wconf 88' lang='lat' dir='ltr'><strong>ao</strong></span> <span class='ocrx_word' id='word_1_155' title='bbox 2082 3989 2457 4056; x_wconf 84' lang='lat' dir='ltr'><strong>monasterii</strong></span> <span class='ocrx_word' id='word_1_156' title='bbox 2498 4012 2632 4056; x_wconf 91' lang='lat' dir='ltr'><strong>non</strong></span> <span class='ocrx_word' id='word_1_157' title='bbox 2677 3991 3001 4056; x_wconf 87' lang='lat' dir='ltr'><strong>modicum</strong></span> <span class='ocrx_word' id='word_1_158' title='bbox 3045 3990 3529 4072; x_wconf 86' lang='lat' dir='ltr'><strong>detrimentum,</strong></span> 
     </span>
     <span class='ocr_line' id='line_1_22' title="bbox 781 4126 3529 4229; baseline -0.001 -33"><span class='ocrx_word' id='word_1_159' title='bbox 781 4149 975 4217; x_wconf 82' lang='lat' dir='ltr'><strong>super</strong></span> <span class='ocrx_word' id='word_1_160' title='bbox 1003 4152 1133 4216; x_wconf 90' lang='lat' dir='ltr'><strong>quo</strong></span> <span class='ocrx_word' id='word_1_161' title='bbox 1162 4129 1360 4195; x_wconf 89' lang='lat' dir='ltr'><strong>iidem</strong></span> <span class='ocrx_word' id='word_1_162' title='bbox 1392 4126 1590 4194; x_wconf 84' lang='lat' dir='ltr'><strong>abbas</strong></span> <span class='ocrx_word' id='word_1_163' title='bbox 1620 4132 1685 4193; x_wconf 91' lang='lat' dir='ltr'><strong>et</strong></span> <span class='ocrx_word' id='word_1_164' title='bbox 1715 4132 2069 4193; x_wconf 87' lang='lat' dir='ltr'><strong>conventus</strong></span> <span class='ocrx_word' id='word_1_165' title='bbox 2105 4127 2469 4214; x_wconf 73' lang='lat' dir='ltr'><strong>apostolicae</strong></span> <span class='ocrx_word' id='word_1_166' title='bbox 2499 4128 2667 4194; x_wconf 86' lang='lat' dir='ltr'><strong>sedis</strong></span> <span class='ocrx_word' id='word_1_167' title='bbox 2694 4128 3052 4194; x_wconf 87' lang='lat' dir='ltr'><strong>remedium</strong></span> <span class='ocrx_word' id='word_1_168' title='bbox 3081 4128 3529 4229; x_wconf 76' lang='lat' dir='ltr'><strong>implorarunt.</strong></span> 
     </span>
    </p>

    <p class='ocr_par' dir='ltr' id='par_1_7' title="bbox 782 4266 3623 5041">
     <span class='ocr_line' id='line_1_23' title="bbox 872 4266 3532 4353; baseline 0 -20"><span class='ocrx_word' id='word_1_169' title='bbox 872 4268 1187 4341; x_wconf 80' lang='lat' dir='ltr'><strong>Quocirca</strong></span> <span class='ocrx_word' id='word_1_170' title='bbox 1229 4266 1677 4332; x_wconf 82' lang='lat' dir='ltr'><strong>discretionem</strong></span> <span class='ocrx_word' id='word_1_171' title='bbox 1721 4269 1904 4331; x_wconf 87' lang='lat' dir='ltr'><strong>tuam</strong></span> <span class='ocrx_word' id='word_1_172' title='bbox 1946 4287 2063 4352; x_wconf 89' lang='lat' dir='ltr'><strong>per</strong></span> <span class='ocrx_word' id='word_1_173' title='bbox 2106 4266 2453 4352; x_wconf 83' lang='lat' dir='ltr'><strong>apostolica</strong></span> <span class='ocrx_word' id='word_1_174' title='bbox 2482 4267 2718 4353; x_wconf 86' lang='lat' dir='ltr'><strong>scripta</strong></span> <span class='ocrx_word' id='word_1_175' title='bbox 2760 4268 3164 4346; x_wconf 86' lang='lat' dir='ltr'><strong>mandamus,</strong></span> <span class='ocrx_word' id='word_1_176' title='bbox 3211 4274 3532 4353; x_wconf 86' lang='lat' dir='ltr'><strong>quatenus</strong></span> 
     </span>
     <span class='ocr_line' id='line_1_24' title="bbox 785 4403 3531 4491; baseline -0 -19"><span class='ocrx_word' id='word_1_177' title='bbox 785 4421 1008 4472; x_wconf 88' lang='lat' dir='ltr'><strong>omnes</strong></span> <span class='ocrx_word' id='word_1_178' title='bbox 1064 4403 1441 4491; x_wconf 82' lang='lat' dir='ltr'><strong>hujusmodi</strong></span> <span class='ocrx_word' id='word_1_179' title='bbox 1491 4403 1769 4470; x_wconf 85' lang='lat' dir='ltr'><strong>occultos</strong></span> <span class='ocrx_word' id='word_1_180' title='bbox 1814 4403 2180 4469; x_wconf 88' lang='lat' dir='ltr'><strong>detentores</strong></span> <span class='ocrx_word' id='word_1_181' title='bbox 2232 4404 2646 4482; x_wconf 86' lang='lat' dir='ltr'><strong>decimarum,</strong></span> <span class='ocrx_word' id='word_1_182' title='bbox 2691 4403 3148 4490; x_wconf 83' lang='lat' dir='ltr'><strong>primitiarum,</strong></span> <span class='ocrx_word' id='word_1_183' title='bbox 3194 4411 3531 4485; x_wconf 67' lang='lat' dir='ltr'><strong>terrm,</strong></span> 
     </span>
     <span class='ocr_line' id='line_1_25' title="bbox 791 4538 3536 4627; baseline 0.001 -21"><span class='ocrx_word' id='word_1_184' title='bbox 791 4548 891 4606; x_wconf 76' lang='lat' dir='ltr'><strong>etc</strong></span> <span class='ocrx_word' id='word_1_185' title='bbox 949 4560 1032 4605; x_wconf 78' lang='lat' dir='ltr'><strong>ex</strong></span> <span class='ocrx_word' id='word_1_186' title='bbox 1090 4543 1275 4625; x_wconf 76' lang='lat' dir='ltr'><strong>parte</strong></span> <span class='ocrx_word' id='word_1_187' title='bbox 1330 4544 1552 4605; x_wconf 83' lang='lat' dir='ltr'><strong>nostra</strong></span> <span class='ocrx_word' id='word_1_188' title='bbox 1608 4538 1680 4603; x_wconf 90' lang='lat' dir='ltr'><strong>in</strong></span> <span class='ocrx_word' id='word_1_189' title='bbox 1739 4539 2016 4605; x_wconf 85' lang='lat' dir='ltr'><strong>ecclesiis</strong></span> <span class='ocrx_word' id='word_1_190' title='bbox 2073 4539 2329 4625; x_wconf 89' lang='lat' dir='ltr'><strong>publice</strong></span> <span class='ocrx_word' id='word_1_191' title='bbox 2372 4562 2584 4606; x_wconf 87' lang='lat' dir='ltr'><strong>coram</strong></span> <span class='ocrx_word' id='word_1_192' title='bbox 2634 4540 2872 4627; x_wconf 91' lang='lat' dir='ltr'><strong>populo</strong></span> <span class='ocrx_word' id='word_1_193' title='bbox 2916 4563 3031 4627; x_wconf 90' lang='lat' dir='ltr'><strong>per</strong></span> <span class='ocrx_word' id='word_1_194' title='bbox 3075 4545 3141 4607; x_wconf 91' lang='lat' dir='ltr'><strong>te</strong></span> <span class='ocrx_word' id='word_1_195' title='bbox 3186 4542 3289 4607; x_wconf 84' lang='lat' dir='ltr'><strong>vel</strong></span> <span class='ocrx_word' id='word_1_196' title='bbox 3332 4542 3536 4609; x_wconf 80' lang='lat' dir='ltr'><strong>alium</strong></span> 
     </span>
     <span class='ocr_line' id='line_1_26' title="bbox 788 4677 3535 4765; baseline 0.001 -21"><span class='ocrx_word' id='word_1_197' title='bbox 788 4697 1072 4758; x_wconf 80' lang='lat' dir='ltr'><strong>moneas,</strong></span> <span class='ocrx_word' id='word_1_198' title='bbox 1124 4681 1202 4742; x_wconf 92' lang='lat' dir='ltr'><strong>ut</strong></span> <span class='ocrx_word' id='word_1_199' title='bbox 1251 4677 1422 4743; x_wconf 83' lang='lat' dir='ltr'><strong>infra</strong></span> <span class='ocrx_word' id='word_1_200' title='bbox 1473 4680 1941 4763; x_wconf 84' lang='lat' dir='ltr'><strong>competentem</strong></span> <span class='ocrx_word' id='word_1_201' title='bbox 1984 4677 2338 4743; x_wconf 84' lang='lat' dir='ltr'><strong>terminum</strong></span> <span class='ocrx_word' id='word_1_202' title='bbox 2382 4700 2573 4763; x_wconf 89' lang='lat' dir='ltr'><strong>quem</strong></span> <span class='ocrx_word' id='word_1_203' title='bbox 2621 4678 2713 4744; x_wconf 82' lang='lat' dir='ltr'><strong>cis</strong></span> <span class='ocrx_word' id='word_1_204' title='bbox 2756 4679 3101 4765; x_wconf 84' lang='lat' dir='ltr'><strong>prefixeras</strong></span> <span class='ocrx_word' id='word_1_205' title='bbox 3145 4701 3223 4744; x_wconf 88' lang='lat' dir='ltr'><strong>ea</strong></span> <span class='ocrx_word' id='word_1_206' title='bbox 3264 4679 3535 4765; x_wconf 78' lang='lat' dir='ltr'><strong>prefatis</strong></span> 
     </span>
     <span class='ocr_line' id='line_1_27' title="bbox 790 4813 3591 4904; baseline 0.001 -22"><span class='ocrx_word' id='word_1_207' title='bbox 790 4814 1011 4882; x_wconf 82' lang='lat' dir='ltr'><strong>abbati</strong></span> <span class='ocrx_word' id='word_1_208' title='bbox 1026 4820 1106 4881; x_wconf 66' lang='lat' dir='ltr'><strong>‘et</strong></span> <span class='ocrx_word' id='word_1_209' title='bbox 1135 4814 1482 4881; x_wconf 80' lang='lat' dir='ltr'><strong>conventui</strong></span> <span class='ocrx_word' id='word_1_210' title='bbox 1511 4835 1552 4880; x_wconf 85' lang='lat' dir='ltr'><strong>a</strong></span> <span class='ocrx_word' id='word_1_211' title='bbox 1581 4836 1649 4878; x_wconf 89' lang='lat' dir='ltr'><strong>se</strong></span> <span class='ocrx_word' id='word_1_212' title='bbox 1677 4813 1896 4881; x_wconf 88' lang='lat' dir='ltr'><strong>debita</strong></span> <span class='ocrx_word' id='word_1_213' title='bbox 1924 4815 2273 4881; x_wconf 80' lang='lat' dir='ltr'><strong>restituant</strong></span> <span class='ocrx_word' id='word_1_214' title='bbox 2302 4820 2366 4881; x_wconf 90' lang='lat' dir='ltr'><strong>et</strong></span> <span class='ocrx_word' id='word_1_215' title='bbox 2396 4818 2700 4895; x_wconf 82' lang='lat' dir='ltr'><strong>revelent,</strong></span> <span class='ocrx_word' id='word_1_216' title='bbox 2733 4820 2799 4882; x_wconf 88' lang='lat' dir='ltr'><strong>et</strong></span> <span class='ocrx_word' id='word_1_217' title='bbox 2842 4817 2924 4882; x_wconf 92' lang='lat' dir='ltr'><strong>de</strong></span> <span class='ocrx_word' id='word_1_218' title='bbox 2966 4816 3121 4903; x_wconf 85' lang='lat' dir='ltr'><strong>ipsis</strong></span> <span class='ocrx_word' id='word_1_219' title='bbox 3162 4816 3424 4904; x_wconf 87' lang='lat' dir='ltr'><strong>plenam</strong></span> <span class='ocrx_word' id='word_1_220' title='bbox 3468 4820 3536 4885; x_wconf 86' lang='lat' dir='ltr'><strong>et</strong></span> <span class='ocrx_word' id='word_1_221' title='bbox 3588 4850 3591 4853; x_wconf 46' lang='lat'><strong>⁴</strong></span> 
     </span>
     <span class='ocr_line' id='line_1_28' title="bbox 782 4931 3623 5041; baseline 0.001 -21"><span class='ocrx_word' id='word_1_222' title='bbox 782 4952 1075 5021; x_wconf 74' lang='lat' dir='ltr'><strong>debitam</strong></span> <span class='ocrx_word' id='word_1_223' title='bbox 1112 4952 1615 5019; x_wconf 78' lang='lat' dir='ltr'><strong>satisfactionem</strong></span> <span class='ocrx_word' id='word_1_224' title='bbox 1650 4952 2052 5039; x_wconf 90' lang='lat' dir='ltr'><strong>impendant,</strong></span> <span class='ocrx_word' id='word_1_225' title='bbox 2084 4957 2148 5019; x_wconf 92' lang='lat' dir='ltr'><strong>et</strong></span> <span class='ocrx_word' id='word_1_226' title='bbox 2189 4953 2244 5019; x_wconf 87' lang='lat' dir='ltr'><strong>si</strong></span> <span class='ocrx_word' id='word_1_227' title='bbox 2287 4954 2356 5019; x_wconf 91' lang='lat' dir='ltr'><strong>id</strong></span> <span class='ocrx_word' id='word_1_228' title='bbox 2402 4977 2532 5020; x_wconf 93' lang='lat' dir='ltr'><strong>non</strong></span> <span class='ocrx_word' id='word_1_229' title='bbox 2579 4954 3072 5041; x_wconf 85' lang='lat' dir='ltr'><strong>adimpleverint</strong></span> <span class='ocrx_word' id='word_1_230' title='bbox 3114 4954 3290 5021; x_wconf 83' lang='lat' dir='ltr'><strong>infra</strong></span> <span class='ocrx_word' id='word_1_231' title='bbox 3332 4954 3535 5023; x_wconf 88' lang='lat' dir='ltr'><strong>alium</strong></span> <span class='ocrx_word' id='word_1_232' title='bbox 3613 4931 3623 4933; x_wconf 14' lang='grc' dir='ltr'>ἡ</span> 
     </span>
    </p>
   </div>
  </div>
 </body>
</html>
