4418 5888
1037 797 1128 864 92

2129 1109 2531 1180 ocem.

1025 1272 1759 1343 OONFIRMATION
1816 1272 1952 1341 ΒΥ
2009 1271 2453 1342 ΒῙΟΗΑΒῙ)
2510 1271 3135 1357 BEAUOHAMP,
3194 1273 3459 1344 EARL
3514 1275 3638 1346 ΟΕ

1169 1409 1768 1493 WORORSTER,
1827 1409 1946 1479 To
2003 1409 2206 1479 THE
2264 1409 2805 1481 BUBGESSES
2862 1410 2986 1481 OF
3042 1411 3481 1482 CARDIFF.

1856 1558 2200 1650 [cmm
2259 1560 2797 1652 comninos]

2416 1713 2507 1780 20
2546 1711 2798 1780 Arnn..
2886 1715 2931 1780 9
2974 1711 3189 1782 anz
3238 1712 3325 1785 V.
3418 1715 3608 1782 1421.

1037 1851 1390 1920 Biannos
1431 1851 1514 1918 de
1547 1848 1784 1917 BELLo
1818 1846 2058 1917 emo
2101 1869 2312 1917 comes
2348 1848 2729 1918 chonm
2765 1851 3065 1919 dominus
3088 1850 3153 1918 le
3181 1850 3591 1919 nmmum
3630 1855 3701 1921 et

945 1991 1032 2059 de
1070 1989 1554 2058 Buxentum
1594 1985 1896 2055 omnibus
1943 1983 2243 2054 fidelibus
2290 1987 2377 2053 ad
2424 2009 2586 2075 quos
2632 1991 2957 2075 presentes
3016 1987 3231 2056 littere
3290 1989 3703 2076 pervenerint

891 2137 902 2148 ⁸
948 2129 1244 2196 salutem.
2842 2093 2851 2104 ο

1037 2263 1450 2353 Inspeximus
1476 2260 2030 2331 confirmacionem
2060 2259 2317 2328 Tuon
2342 2260 2409 2328 le
2433 2259 2844 2329 Dnsrrmsnn
2868 2262 3120 2330 domini
3149 2260 3696 2332 emonensem

949 2409 1020 2474 et
1065 2403 1484 2472 Moncmmn
1539 2398 1744 2488 patris
1799 2397 2137 2465 Imm
2187 2397 2497 2466 consortis
2544 2403 2760 2466 nostre
2810 2419 3009 2486 quam
3056 2399 3214 2468 fecit
3266 2399 3699 2490 burgensibus

947 2539 1184 2610 nostris
1209 2540 1292 2607 de
1319 2537 1690 2606 Ksnnnu’r
1717 2535 1792 2603 in
1816 2535 1936 2603 hec
1961 2535 2176 2604 verba.
2272 2534 2367 2634 (Y
2364 2535 2472 2604 ide
2512 2535 2644 2604 No.
2676 2535 3003 2624 OOOIX.)

1033 2677 1131 2746 Et
1155 2699 1274 2744 nos
1299 2676 1506 2764 igitur
1529 2673 1822 2763 prefatus
1862 2673 2215 2741 Rmmus
2257 2673 2341 2741 de
2382 2672 2619 2741 Bnuo
2657 2670 2899 2741 Omo
2942 2696 3151 2742 comes
3188 2672 3571 2744 chonnn
3608 2675 3691 2742 de

943 2813 1224 2884 uberiori
1263 2813 1481 2904 gracia
1515 2816 1736 2879 nostra
1774 2810 2197 2880 concessimus
2234 2809 2504 2897 prefaffis
2538 2810 2969 2900 burgensibus
2993 2811 3231 2879 nostris
3254 2811 3599 2880 heredibus
3624 2815 3693 2880 et

941 2950 1402 3023 successoribus
1427 2950 1558 3018 suis
1583 2949 1762 3017 inira
1783 2949 2069 3037 burgum
2096 2950 2391 3015 nostrum
2429 2946 2791 3036 predictum
2826 2948 3255 3018 residentibus
3280 2950 3456 3038 quod
3482 2949 3540 3017 si
3564 2948 3691 3039 ipsi

943 3094 1062 3158 aut
1103 3110 1328 3156 eorum
1376 3086 1612 3173 aliquis
1659 3089 1991 3153 accusatus
2029 3084 2136 3152 vel
2185 3084 2575 3153 attachiatus
2618 3084 2749 3153 fuit
2794 3084 3215 3173 imposterum
3258 3086 3330 3153 in
3380 3086 3691 3155 comitatu

941 3232 1162 3295 nostro
1235 3222 1781 3293 Gannonommn
1847 3244 1965 3310 pro
2021 3220 2243 3309 aliqua
2292 3222 2565 3290 ffelonia
2620 3222 2795 3290 infra
2850 3221 3180 3291 libertates
3232 3220 3431 3311 burgi
3484 3222 3689 3291 nostri

940 3361 1214 3454 predicti
1283 3364 1654 3448 emergente
1725 3380 1920 3446 quem
1989 3358 2063 3425 in
2135 3360 2363 3427 eodem
2434 3360 2747 3429 comitatu
2816 3362 3033 3429 nostro
3105 3357 3297 3426 debet
3367 3358 3552 3426 niati
3620 3361 3691 3427 et

941 3498 1280 3569 terminari
1333 3497 1509 3585 quod
1559 3496 1758 3563 iidem
1807 3494 2160 3583 burgenses
2220 3518 2442 3563 comm
2490 3496 2757 3564 heredes
2804 3500 2874 3565 et
2917 3518 3298 3564 successores
3344 3499 3413 3563 et
3466 3516 3689 3563 eorum

942 3634 1218 3724 quilibet
1259 3632 1415 3700 inde
1458 3654 1575 3719 per
1628 3630 1982 3719 burgenses
2033 3630 2233 3720 burgi
2286 3632 2493 3699 nostri
2548 3632 2822 3720 predicti
2878 3636 2945 3700 et
2998 3654 3134 3700 non
3182 3654 3299 3719 per
3342 3630 3689 3701 forinsecos

943 3771 1285 3841 comitatus
1332 3768 1518 3835 tristi
1559 3772 1628 3835 et
1675 3768 2010 3835 terminari
2055 3767 2304 3855 possint
2347 3767 2453 3836 vel
2497 3769 2699 3857 possit
2740 3768 2826 3837 ad
2869 3769 3147 3857 primam
3188 3769 3294 3837 vel
3340 3769 3688 3837 secundam

947 3906 1407 3999 [commotum]
1435 3906 1775 3974 comitatus
1798 3902 2344 3973 Gmommcmn
2374 3910 2521 3995 post
2552 3928 2751 3993 quam
2772 3906 2945 3996 ipsos
2964 3907 3069 3975 vel
3092 3930 3314 3975 eorum
3334 3906 3569 3995 aliquis
3598 3907 3689 3975 sic

939 4042 1222 4113 accusari
1256 4043 1363 4109 vel
1399 4040 1740 4110 attachiari
1776 4042 2140 4130 contigerit.
2240 4041 2681 4111 Concessimus
2718 4044 2918 4113 etism
2948 4045 3219 4135 prefatis
3255 4044 3687 4135 burgensibus

941 4180 1178 4251 nostris
1217 4202 1440 4248 eorum
1479 4176 1824 4247 heredibus
1861 4182 1930 4247 et
1966 4178 2425 4247 successoribus
2460 4181 2635 4249 intra
2673 4182 2961 4271 burgum
2992 4187 3287 4250 nostrum
3322 4182 3685 4269 predictum

939 4317 1368 4387 residentibus
1394 4317 1568 4404 quod
1595 4315 1652 4382 si
1676 4316 1804 4405 ipsi
1831 4319 1948 4383 aut
1973 4340 2194 4384 eorum
2224 4318 2459 4405 aliquis
2494 4324 2820 4406 ponantur
2845 4320 2953 4386 vel
2984 4324 3265 4407 ponatur
3290 4319 3363 4386 in
3388 4342 3684 4407 processu

943 4460 1204 4545 propter
1239 4454 1506 4523 ffelonia
1545 4452 1619 4519 in
1660 4454 1881 4541 aliqua
1921 4454 2245 4523 curiarum
2286 4462 2649 4524 nostrarum
2690 4456 3125 4525 membrorum
3166 4456 3439 4524 dominii
3478 4454 3683 4523 nostri

945 4590 1401 4661 Gmuomm'
1431 4594 1499 4659 et
1534 4589 1864 4657 Monam
1897 4592 2072 4679 quod
2104 4592 2231 4680 ipsi
2262 4592 2614 4681 burgenses
2647 4618 2869 4663 eorum
2902 4595 3167 4663 heredes
3200 4599 3268 4677 et
3302 4614 3681 4661 successores

940 4734 1011 4799 et
1035 4752 1256 4799 eorum
1285 4728 1558 4817 quilibet
1590 4728 1664 4795 in
1691 4728 2000 4797 comitatu
2025 4734 2244 4799 nostro
2274 4729 2707 4801 Gmomffl
2746 4734 3034 4823 predicta
3060 4739 3130 4803 et
3153 4733 3397 4801 ibidem
3422 4755 3539 4821 per
3566 4754 3678 4800 sex
