4418 5888
921 635 1016 700 80

829 969 1063 1034 copum
1136 947 1662 1016 Lmnsvnrtsnu
1728 949 1812 1016 de
1883 952 1953 1015 et
2025 970 2218 1035 super
2282 946 2617 1016 nonnullis
2681 944 2949 1035 injustis
3010 943 3459 1013 vexationibus
3522 948 3592 1013 et

825 1085 1402 1173 inquietationibus
1436 1111 1598 1176 quas
1631 1088 1808 1155 idem
1845 1087 2234 1154 reverendus
2272 1089 2456 1173 pater
2488 1085 2561 1151 in
2596 1083 2731 1151 suis
2755 1081 3236 1150 visitationibus
3263 1081 3356 1148 eis
3388 1081 3593 1149 insert

825 1226 894 1289 et
920 1222 1160 1290 inferre
1190 1229 1457 1292 conatur
1484 1226 1568 1293 de
1596 1229 1664 1293 et
1697 1247 1889 1312 super
1929 1223 2329 1292 exhibitione
2366 1221 2785 1310 productione
2822 1225 2889 1289 et
2921 1220 3299 1310 probatione
3328 1219 3495 1307 juris
3523 1223 3591 1288 et

825 1361 1114 1427 canonici
1141 1360 1322 1428 tituli
1350 1384 1476 1449 que
1504 1361 1749 1429 habent
1776 1365 1845 1429 et
1869 1361 2106 1429 habere
2134 1361 2532 1448 pretendunt
2558 1359 2629 1426 in
2659 1363 2727 1426 et
2754 1361 2840 1426 ad
2868 1357 3162 1430 ecclesias
3194 1356 3589 1445 parochiales

827 1497 910 1564 (10
971 1495 1358 1564 Plau-rums
1409 1499 1491 1566 (10
1541 1497 1797 1566 Avium
1857 1503 1924 1566 et
1979 1500 2062 1566 de
2119 1497 2583 1565 LANGWNETH
2641 1497 2812 1564 dicte
2869 1495 3136 1564 diocesis
3191 1518 3442 1563 necnon
3499 1495 3587 1562 ad

823 1634 1310 1722 percipiendum
1352 1640 1420 1703 et
1463 1636 1858 1724 exigendum
1901 1639 2104 1704 certas
2146 1636 2428 1702 decimas
2468 1635 2645 1702 infra
2683 1635 2927 1702 dictam
2959 1633 3265 1701 diocesim
3306 1631 3586 1700 1111111111-

831 1791 1106 1838 νΕΝΒΕΜ
1163 1793 1238 1838 ac
1295 1771 1440 1838 aliis
1496 1770 1569 1839 in
1626 1773 1801 1840 dicta
1857 1795 2048 1841 causa
2105 1772 2499 1840 deducendis
2557 1777 2625 1840 et
2682 1772 2885 1860 ipsius
2940 1772 3266 1838 occasione
3322 1769 3441 1836 uni
3506 1793 3589 1838 ex

836 1907 1308 1976 venerabilibus
1344 1913 1412 1976 et
1449 1909 1920 1998 circumspectis
1959 1909 2114 1977 viris
2153 1909 2351 1977 vestri
2388 1909 2551 1978 sacri
2593 1909 2835 1976 Palatii
2878 1909 3209 1997 apostolici
3252 1930 3589 1976 oausamm

831 2043 1232 2112 auditoribus
1273 2045 1670 2113 committere
1709 2046 2108 2113 audiendum
2148 2047 2661 2133 cognoscendum
2702 2049 2767 2113 et
2803 2046 2931 2114 fine
2972 2045 3190 2114 debito
3234 2045 3586 2114 terminan-

823 2181 986 2248 dum
1014 2205 1164 2248 cum
1183 2181 1483 2251 omnibus
1504 2188 1572 2249 et
1592 2183 1867 2270 singulis
1889 2181 2020 2250 suis
2047 2183 2528 2272 emergentibus
2555 2182 3069 2272 dependentibus
3103 2181 3589 2252 moderantibus

828 2323 898 2386 et
917 2319 1240 2388 connexis.
1310 2319 1407 2387 Et
1433 2344 1582 2388 oum
1607 2324 1924 2408 potestate
1953 2321 2198 2388 citandi
2225 2321 2474 2388 dictum
2493 2322 2918 2389 reverendum
2945 2326 3197 2409 patrem
3219 2319 3588 2409 episcopum

829 2455 1357 2525 mevnnsm
1399 2481 1474 2526 ac
1503 2481 1724 2526 omnes
1763 2459 1923 2526 alios
1951 2463 2017 2526 et
2045 2459 2336 2547 singulos
2369 2482 2486 2526 sua
2518 2459 2823 2526 interesse
2850 2461 3155 2547 putantes
3184 2458 3255 2526 in
3284 2457 3585 2526 Romana

827 2594 1006 2662 curia
1050 2599 1118 2662 et
1155 2599 1338 2664 exn-a
1376 2595 1674 2682 quotiens
1713 2618 1874 2683 opus
1917 2596 2136 2664 fuerit.
2227 2597 2299 2664 N
2300 2620 2385 2665 on
2427 2596 2723 2664 obstante
2763 2596 2938 2683 quod
2978 2619 3171 2663 causa
3207 2595 3587 2684 hujusmodi

829 2752 962 2797 non
1002 2732 1089 2798 sit
1125 2731 1344 2798 forsan
1383 2733 1466 2799 de
1501 2755 1618 2799 sua
1653 2736 1887 2800 natura
1915 2733 2000 2800 ad
2035 2733 2281 2800 omium
2316 2731 2683 2800 Romanam
2722 2731 3013 2821 legitime
3042 2733 3347 2801 devoluta
3375 2755 3489 2800 seu
3514 2733 3587 2800 in

827 2869 1054 2935 eadem
1111 2869 1193 2936 de
1249 2868 1417 2959 juris
1471 2869 1848 2938 necessitate
1903 2871 2244 2938 nectenda
2292 2870 2426 2938 sive
2484 2869 2799 2937 facienda.
2889 2867 2979 2936 In
3034 2871 3165 2937 fine
3214 2891 3367 2936 vero
3417 2868 3587 2938 dicte

830 3004 1290 3073 commissionis
1318 3008 1451 3075 sive
1479 3008 1963 3095 supplicationis
1991 3010 2215 3077 cedule
2244 3008 2480 3095 scripta
2500 3012 2687 3075 erant
2712 3008 2796 3074 de
2818 3006 3084 3075 alterius
3109 3028 3343 3075 manus
3368 3006 3589 3074 littera

833 3142 1144 3229 superiori
1198 3142 1416 3212 littere
1461 3144 1666 3233 ipsius
1724 3147 1946 3214 cedule
1997 3146 2259 3234 penitus
2304 3150 2371 3214 et
2414 3145 2680 3213 omnino
2725 3144 3025 3212 dissimili
3064 3150 3131 3212 et
3175 3143 3427 3211 diversa
3469 3142 3589 3211 1100

834 3278 1029 3347 verba
1066 3279 1366 3349 videlicet
1403 3282 1486 3349 de
1519 3284 1827 3350 mandato
1863 3282 2113 3351 domini
2153 3283 2357 3349 nostri
2400 3283 2579 3371 Pape
2622 3282 2847 3349 audiat
2888 3282 3199 3371 magister
3238 3281 3589 3351 Nmomus

835 3417 990 3484 citet
1027 3424 1106 3485 ut
1142 3417 1388 3505 petitur
1429 3424 1497 3485 et
1536 3419 1862 3508 justitiam
1907 3420 2120 3488 fatiat.
2212 3418 2371 3487 Post
2410 3420 2598 3509 cujus
2637 3419 2900 3507 quidem
2946 3420 3409 3487 commissionis
3454 3418 3589 3487 sive

837 3553 1321 3641 supplicationis
1363 3556 1588 3624 cedule
1628 3558 2168 3645 presentationem
2214 3561 2282 3625 et
2322 3556 2751 3646 receptionem
2792 3556 3041 3625 fuimus
3080 3580 3197 3645 per
3240 3556 3589 3624 discretum

837 3689 1050 3757 virum
1099 3693 1486 3780 mag-istrum
1545 3692 1592 3761 J
1594 3715 1938 3760 omnim
1998 3692 2331 3761 anunn
2390 3693 2693 3761 clericum
2740 3690 3155 3761 Assmms
3206 3692 3472 3762 diocesis
3516 3694 3590 3761 in

837 3826 1138 3896 Romana
1195 3830 1373 3897 curia
1431 3834 1906 3917 procuratorem
1963 3836 2032 3898 et
2087 3830 2407 3898 dictorum
2470 3830 2719 3898 domini
2788 3829 2837 3898 J
2838 3851 3142 3897 omms
3212 3829 3465 3898 abbatis
3522 3835 3591 3900 et

836 3972 1188 4035 conventus
1221 3966 1594 4036 monasteiii
1629 3966 1817 4036 beate
1858 3966 2070 4037 Mario
2113 3970 2195 4036 (10
2238 3968 2545 4036 Momm
2586 3968 2756 4035 dicte
2798 3967 3285 4036 Lmsvssnsls
3323 3968 3591 4037 diocesis

834 4104 1290 4193 principalium
1334 4105 1407 4173 in
1455 4108 1629 4176 dicta
1671 4108 1859 4177 nobis
1907 4108 2083 4177 facta
2128 4113 2196 4177 et
2243 4112 2610 4197 presentata
2655 4107 3097 4177 commissione
3146 4108 3591 4197 principaliter

832 4244 1313 4313 nominatorum
1377 4250 1852 4332 procuratorem
1915 4252 2109 4335 prout
2173 4248 2255 4315 de
2320 4268 2433 4313 sue
2499 4245 2965 4334 procurationis
3026 4248 3334 4314 mandato
3402 4244 3591 4316 nobis

835 4380 1176 4471 legittimis
1261 4382 1598 4452 constabat
1682 4390 1879 4472 atque
1965 4388 2218 4452 constat
2301 4383 2705 4452 documentis
2788 4406 3002 4453 coram
3078 4384 3267 4453 nobis
3352 4383 3587 4452 consti·

833 4522 1054 4588 tutum
1125 4519 1346 4589 debita
1415 4544 1565 4589 011111
1635 4521 1948 4589 instantia
2015 4522 2310 4611 requisiti
2373 4528 2693 4611 quatenus
2766 4523 2890 4592 sibi
2964 4522 3337 4593 citationem
3404 4526 3590 4591 extra
