4418 5888
2009 1227 2503 1298 conxxxn„

1055 1414 1513 1486 οΗΑΒΤΕΒ
1571 1415 1706 1486 BY
1762 1415 2020 1486 JOHN
2078 1415 2204 1484 LE
2263 1415 2687 1486 SPENSER
2744 1418 2862 1487 'ro
2922 1420 2989 1489 J.
3051 1419 3455 1492 w1LKoc.

2065 1577 2184 1669 [e.
2219 1577 2303 1647 c.
2333 1578 2452 1668 E]

2458 1757 2537 1822 11
2586 1755 2755 1824 Duc.
2830 1757 3271 1828 24En211L
3351 1760 3543 1830 1351.

965 1945 1189 2014 Sciant
1228 1947 1552 2033 presentes
1595 1947 1663 2010 et
1705 1941 1916 2010 futuri
1959 1942 2133 2028 quod
2175 1963 2299 2030 ego
2341 1941 2389 2010 J
2390 1963 2713 2011 omnum
2754 1944 2817 2012 le
2860 1943 3171 2014 Srsnssn
3212 1948 3295 2016 de
3334 1947 3633 2016 Oct-rur

874 2084 1030 2151 dedi
1101 2081 1376 2150 concessi
1439 2087 1507 2148 et
1562 2080 1686 2148 hac
1741 2079 2024 2168 presenti
2079 2085 2257 2146 carta
2313 2101 2461 2148 mea
2516 2080 2891 2148 confirmavi
2948 2081 2996 2150 J
2996 2105 3267 2150 omnm
3328 2083 3628 2152 Waxoc

877 2220 1212 2308 capellano
1255 2219 1476 2286 omnia
1515 2223 1720 2285 terras
1761 2220 1829 2284 et
1877 2221 2253 2285 tenementa
2296 2239 2445 2284 cum
2494 2219 2627 2286 suis
2678 2218 3091 2308 pertinenciis
3142 2243 3269 2308 que
3316 2220 3519 2289 habui
3560 2221 3631 2290 in

881 2357 1167 2425 dominio
1197 2357 1277 2424 de
1309 2355 1606 2423 Comum?
1635 2359 1703 2420 et
1731 2376 1858 2440 que
1883 2351 2103 2441 jacent
2141 2375 2260 2440 per
2302 2355 2605 2443 antiquas
2631 2361 2837 2424 metas
2866 2361 2929 2424 et
2959 2356 3216 2426 bundas
3242 2359 3314 2426 in
3343 2359 3631 2429 dominio

877 2495 1184 2584 predicte.
1278 2491 1684 2560 Habendum
1711 2497 1777 2558 et
1805 2489 2162 2558 tenendum
2190 2491 2413 2559 omnia
2444 2491 2733 2580 predicta
2760 2497 2963 2560 terras
2988 2498 3055 2561 et
3084 2498 3458 2563 tenementa
3484 2517 3633 2562 cum

881 2634 1016 2701 suis
1071 2628 1483 2720 pertinenciis
1538 2629 1827 2717 predicto
1877 2627 2142 2694 domino
2200 2625 2247 2694 J
2248 2649 2521 2695 onam
2577 2627 2921 2697 heredibus
2976 2631 3109 2697 suis
3166 2637 3235 2699 et
3290 2632 3634 2720 assignatis

881 2771 1083 2840 libere
1128 2770 1345 2857 quiete
1395 2767 1560 2836 bene
1608 2773 1677 2835 et
1724 2765 1796 2833 in
1839 2788 1996 2854 pace
2044 2764 2192 2853 juro
2242 2747 2653 2834 hereditario*
2680 2764 2753 2833 in
2803 2773 3189 2856 perpetuum
3240 2769 3323 2836 de
3372 2767 3635 2856 capitali

883 2909 1147 2979 domino
1193 2905 1370 2975 feodi
1414 2905 1592 2972 illius
1643 2905 1757 2993 qui
1805 2925 1923 2993 pro
1964 2907 2255 2992 tempore
2299 2901 2499 2971 fuerit
2550 2927 2665 2994 per
2710 2905 3005 2975 redditus
3050 2911 3116 2975 et
3166 2905 3433 2974 servicia
3481 2905 3635 2975 inde

885 3048 1106 3117 debita
1131 3050 1199 3115 et
1227 3044 1477 3133 dejure
1506 3048 1824 3111 consuete.
1915 3042 2011 3110 Et
2039 3065 2163 3130 ego
2190 3064 2343 3110 vero
2370 3041 2696 3129 predictus
2724 3042 2768 3109 J
2771 3064 3091 3110 emmens
3116 3043 3179 3112 le
3208 3041 3522 3110 Srssnsnu
3549 3043 3633 3111 dc

885 3185 1180 3253 Con-mr
1209 3185 1277 3250 et
1303 3182 1570 3249 heredes
1595 3181 1728 3248 mei
1755 3182 1976 3247 omnia
2017 3180 2309 3268 predicta
2336 3182 2539 3246 terras
2567 3182 2637 3246 et
2662 3184 3035 3247 tenements
3060 3202 3209 3247 cum
3236 3180 3371 3247 suis
3414 3230 3433 3248 .
3481 3230 3499 3247 .
3547 3229 3564 3248 .
3612 3229 3630 3247 .

885 3320 1172 3409 predicto
1203 3318 1466 3385 domino
1493 3315 1541 3385 J
1542 3336 1812 3382 omum
1845 3315 2142 3385 W1onc
2171 3314 2503 3402 capellano
2532 3319 2597 3382 et
2627 3313 2971 3383 heredibus
3006 3317 3139 3384 suis
3180 3319 3248 3384 et
3290 3316 3634 3405 assignatis

883 3462 1109 3525 contra
1163 3476 1386 3522 omnes
1443 3454 1746 3521 mortales
1801 3452 2363 3520 warantizabimus
2428 3448 2936 3537 acquietabimus
2995 3454 3063 3517 et
3119 3450 3191 3518 in
3248 3455 3635 3539 perpetuum

885 3596 1327 3664 defendemus.
1418 3591 1507 3659 In
1558 3592 1738 3679 cujus
1779 3592 1874 3658 rei
1916 3588 2363 3659 testimonium
2406 3585 2559 3654 huic
2599 3588 2881 3675 presenti
2924 3594 3099 3655 carte
3146 3609 3288 3655 mee
3340 3586 3632 3675 sigillum

885 3734 1172 3822 apposui.
1263 3730 1422 3799 Hiis
1469 3728 1744 3797 testibus
1789 3729 2075 3797 Paeane
2121 3728 2204 3793 de
2250 3724 2751 3793 Tonnsumu
2801 3726 2959 3792 tunc
3004 3724 3349 3792 senescallo
3392 3724 3633 3792 ibidem

887 3871 1146 3939 Tucim
1217 3871 1301 3937 de
1373 3868 1870 3935 Tuunsswnm
2002 3866 2417 3934 Rscmuuo
2489 3863 2571 3930 de
2644 3860 3145 3929 Tunnnnmm
3272 3862 3634 3931 Nxcnomc

886 4009 1200 4079 anoc
1288 4006 1711 4076 Wrummto
1737 4004 1998 4073 Vnum
2033 4002 2135 4093 [Ρ]
2170 4007 2241 4070 et
2265 3999 2494 4069 multis
2522 3999 2683 4067 aliis.
2775 3998 2958 4067 Data
2992 4000 3167 4087 apud
3195 3999 3493 4068 Gon-m
3528 3999 3634 4067 die

887 4146 1210 4215 dominica
1253 4194 1270 4213 .
1319 4196 1336 4212 .
1385 4194 1401 4211 .
1451 4193 1467 4209 .
1516 4142 1722 4211 sancti
1741 4142 2092 4209 Nmnomu
2121 4136 2403 4227 episcopi
2430 4158 2604 4203 anno
2630 4135 2821 4225 regni
2850 4134 3055 4225 Regis
3082 4136 3425 4203 Enwsnm
3452 4135 3637 4204 tercii

885 4289 1032 4375 post
1059 4288 1480 4371 conquestum
1509 4280 1808 4349 vicesimo
1836 4284 2085 4367 quarte.
2183 4276 2359 4363 (Sesl
2387 4274 2605 4364 gone.)
