4418 5888
1975 1241 2339 1364 cccxvi.

784 1454 1380 1526 inermus
1452 1455 1588 1524 ΒΥ
1658 1453 2010 1524 HENRY
2070 1454 2196 1526 IV.
2261 1453 2385 1522 010*
2440 1453 2643 1523 'ffls
2703 1453 3209 1524 efflamus
3265 1453 3388 1523 on
3446 1455 3535 1521 33

1000 1593 1429 1664 EDWARD
1501 1593 1645 1661 111.
1720 1592 1928 1661 Arm
2005 1594 2090 1660 17
2164 1591 2289 1660 os
2359 1591 2786 1662 EDWARD
2860 1591 2960 1661 Π.
3037 1590 3158 1660 'ro
3236 1588 3534 1660 HUGH

999 1732 1207 1812 AND
1295 1729 1724 1802 EDWARD
1820 1730 1948 1798 LE
2042 1729 2619 1811 DESPENSER,
2706 1728 2847 1799 AN
2847 1729 2913 1797 D
3002 1728 3533 1798 CONFIRMA-

1003 1868 1237 1939 TION
1307 1869 1430 1938 ΤΟ
1501 1868 1706 1938 THE
1779 1867 2324 1937 BURGESSES
2398 1868 2521 1936 OF
2593 1865 3033 1935 OARDLE'F.

1828 2017 2172 2109 [cmm
2201 2015 2521 2108 Omns]

2347 2168 2434 2235 20
2465 2166 2635 2236 Fas.
2710 2168 2754 2234 2
2785 2166 2994 2235 Hinc:
3033 2165 3157 2237 IV.
3255 2168 3444 2235 1401.

870 2321 1238 2389 Humi-ictis
1266 2319 1397 2389 Dei
1425 2320 1644 2410 gracia
1670 2319 1821 2387 Rex
1853 2319 2136 2387 Ancus
2181 2323 2250 2389 et
2291 2318 2648 2386 anfflcm
2692 2281 2782 2387 et⁸
2806 2318 3127 2386 Dominus
3168 2317 3536 2387 nmmum

789 2456 1090 2525 omnibus
1117 2459 1202 2524 ad
1232 2481 1392 2545 quos
1419 2463 1748 2547 presentes
1774 2457 1991 2526 littere
2019 2458 2433 2546 pervenerint
2462 2457 2755 2524 salutem.

875 2595 1293 2683 Inspeximus
1334 2601 1580 2664 cartam
1621 2596 1871 2665 domini
1912 2595 1995 2664 E.
2043 2617 2253 2683 nuper
2297 2594 2503 2684 Regis
2553 2594 2835 2662 Ancus
2888 2595 2994 2662 avi
3045 2595 3251 2662 nostri
3299 2596 3539 2662 factam

787 2721 862 2802 in
887 2733 1006 2801 hec
1033 2733 1248 2801 verba.
3457 2731 3463 2738 '

875 2871 1275 2939 EnwAnnus
1317 2870 1446 2938 Dei
1490 2871 1710 2961 gracia
1738 2870 1886 2939 Rex
1919 2870 2203 2951 Ancus
2234 2876 2302 2938 et
2331 2869 2688 2937 Friuncni
2717 2875 2781 2938 et
2814 2869 3139 2937 Dominus
3172 2855 3539 2936 Hisiziziwiii

790 3010 1278 3101 archiepiscopis
1334 3010 1645 3099 episcopis
1701 3010 2044 3079 abbatibus
2099 3010 2420 3099 prioribus
2470 3009 2743 3077 ducibus
2799 3009 3140 3077 comitibus
3190 3007 3538 3076 baronibus

790 3148 1164 3233 justiciariis
1190 3147 1669 3215 vicecomitibus
1694 3148 2036 3236 prepositis
2063 3148 2379 3214 ministris
2408 3152 2473 3214 et
2504 3146 2802 3214 omnibus
2830 3146 3089 3215 ballivis
3132 3151 3199 3215 et
3241 3144 3542 3214 fidelibus

792 3284 925 3349 suis
952 3282 1250 3350 salutem.

878 3417 1293 3509 Inspeximus
1320 3426 1566 3489 cartam
1591 3422 1841 3490 domini
1869 3422 1950 3489 E.
1983 3445 2191 3511 nuper
2234 3420 2441 3511 Regis
2481 3421 2764 3489 Ancus
2807 3424 3011 3510 patris
3054 3422 3259 3490 nostri
3300 3422 3540 3490 factam

794 3558 867 3625 in
907 3559 1028 3626 hec
1069 3556 1284 3627 verba.

881 3695 1278 3764 Enwannus
1305 3695 1436 3764 Dei
1464 3696 1682 3785 gracia
1719 3695 1869 3765 Rex
1901 3697 2182 3765 Ancus
2228 3696 2556 3765 Dominus
2598 3698 2965 3766 Hismarus
3010 3702 3076 3766 et
3120 3697 3279 3764 Dux
3323 3697 3542 3769 Aom-

796 3855 1006 3902 rAms
1065 3834 1553 3924 archiepiscopis
1610 3836 1920 3926 episcopis
1952 3809 2329 3915 ⁸abbatibus
2401 3837 2720 3925 prioribus
2792 3837 3132 3904 comitibus
3195 3835 3546 3904 baronibus

787 3971 1164 4060 justiciariis
1192 3973 1667 4042 vicecomitibus
1694 3974 2038 4064 propositis
2067 3974 2383 4042 ministris
2410 3980 2480 4043 et
2507 3974 2807 4043 omnibus
2834 3974 3093 4042 ballivis
3135 3979 3202 4042 et
3244 3974 3549 4042 fidelibus

798 4111 932 4177 suis
957 4110 1254 4177 salutem.

887 4247 1119 4317 Sciatis
1154 4270 1274 4316 nos
1302 4249 1384 4316 de
1412 4249 1631 4338 gracia
1662 4250 1922 4339 speciali
1964 4250 2339 4317 concessisse
2382 4252 2450 4317 et
2490 4247 2615 4317 hac
2656 4252 2834 4317 carta
2876 4253 3101 4317 nostra
3142 4248 3551 4317 confirmasse

800 4386 1036 4455 dilecto
1061 4390 1130 4454 et
1156 4386 1336 4454 fideli
1363 4391 1584 4456 nostro
1612 4387 1903 4455 Hucom
1941 4388 2006 4456 le
2044 4386 2455 4456 Dnsrmzsmi
2495 4386 2743 4474 juniori
2786 4388 2961 4475 quod
3004 4388 3130 4476 ipsi
3173 4392 3240 4456 et
3283 4388 3551 4456 heredes

799 4524 902 4592 sui
930 4546 1005 4591 ac
1031 4546 1254 4592 eorum
1296 4524 1651 4615 burgenses
1677 4530 1745 4593 et
1772 4525 1887 4593 alii
1913 4524 2207 4593 homines
2236 4529 2303 4592 et
2329 4529 2629 4593 tenentes
2655 4526 2738 4593 de
2768 4523 3066 4592 Knsnrr
3110 4523 3269 4592 st
3311 4523 3552 4592 Kssii-

801 4684 965 4731 uon
1008 4662 1344 4732 Nnurom·
1391 4663 1811 4731 Ooosnuoon
1862 4661 2122 4731 Num
2164 4666 2232 4731 et
2276 4660 2622 4731 Kanum
2666 4663 2738 4730 in
2784 4660 3085 4732 Wanua
3127 4663 3209 4730 de
3253 4640 3557 4730 omnibus

803 4800 996 4869 rebus
1021 4806 1088 4869 et
1114 4799 1302 4869 bonis
1329 4801 1462 4868 suis
1489 4804 1628 4867 tam
1656 4798 1956 4868 videlicet
1985 4800 2451 4869 merchandisis
2488 4823 2705 4889 quam·
2730 4801 2876 4868 aliis
2917 4802 3395 4888 imperpetuum
3425 4799 3560 4868 sint

806 4936 1009 5023 quieti
1058 4940 1141 5006 de
1192 4937 1482 5006 thelonio
1539 4938 1838 5028 muragio
1895 4938 2214 5028 pontagio
2272 4939 2558 5029 panagio
2614 4938 2891 5026 lestagio
2949 4935 3249 5025 stallagio
3306 4936 3564 5025 picagio
