4418 5888
971 627 1062 693 58

877 938 1011 1007 nisi
1037 939 1546 1009 constabularius
1571 941 1778 1010 nostri
1803 941 1998 1010 castri
2022 941 2106 1010 de
2135 939 2395 1010 Nun-m
2422 945 2491 1011 et
2516 941 2797 1012 ballivus
2824 941 3121 1030 eiusdem
3158 943 3317 1012 ville
3356 943 3474 1032 qui
3516 965 3637 1034 per

873 1074 1052 1164 ipsos
1077 1074 1428 1166 burgenses
1457 1077 1646 1146 eleoti
1673 1077 1940 1146 fuerint.

971 1225 1413 1296 Oonoessimus
1451 1249 1606 1296 vero
1646 1227 1950 1316 predictis
1989 1225 2423 1316 burgensibus
2462 1231 2532 1297 et
2572 1249 2799 1298 eorum
2838 1228 3303 1298 suecessoribus
3346 1231 3523 1318 quod
3572 1230 3631 1300 si

882 1364 1106 1451 aliqua
1123 1365 1310 1432 navis
1329 1365 1437 1433 'vel
1477 1363 1709 1433 batilla
1727 1365 1948 1433 veniat
1968 1365 2054 1432 sd
2091 1369 2355 1454 portum
2384 1387 2551 1454 sque
2579 1367 2661 1434 de
2688 1365 2949 1435 anrn
2976 1367 3153 1435 inira
3179 1367 3630 1436 Bmmmns

877 1503 1058 1590 quod
1078 1505 1176 1570 est
1195 1502 1268 1570 in
1287 1506 1473 1592 purte
1493 1503 1874 1571 oooidentsli
1895 1504 1977 1572 de
1998 1501 2311 1571 Bau-mn
2338 1504 2427 1571 sd
2446 1503 2733 1592 aliquam
2752 1504 3270 1574 marohandizam
3290 1505 3633 1574 emendam

881 1639 990 1708 vel
1018 1641 1444 1722 vendendam,
1473 1641 1650 1728 quod
1676 1641 1902 1707 eadem
1931 1639 2117 1707 navis
2143 1639 2251 1706 vel
2276 1637 2509 1708 batilla
2534 1641 2745 1730 primo
2772 1640 2995 1708 veniet
3037 1642 3123 1709 sd
3164 1645 3428 1729 portum
3470 1641 3631 1710 ville

881 1781 1102 1844 nostre
1128 1778 1212 1845 de
1239 1777 1498 1845 Nnnm
1525 1783 1592 1845 et
1620 1781 1970 1865 antequam
1997 1775 2248 1865 aliquid
2285 1776 2373 1846 sit
2411 1777 2753 1846 venditum
2794 1777 2949 1846 inde
2994 1800 3109 1846 seu
3150 1781 3472 1846 remotum
3514 1779 3633 1846 fist

887 1915 1355 1983 demonstratio
1382 1914 1855 1984 constabulario
1883 1915 2076 1983 uestri
2111 1913 2355 1982 ibidem
2399 1919 2467 1983 et
2508 1914 2831 2005 preposito
2872 1913 3071 2004 burgi
3110 1917 3318 2006 nostri
3357 1915 3633 2005 predicti

879 2050 1010 2121 sub
1049 2075 1261 2140 poena
1287 2053 1688 2121 forisfactture
1725 2053 2080 2120 earundem
2111 2050 2711 2120 merohundizumm
2745 2056 2813 2120 et
2847 2053 2930 2122 de
2964 2053 3263 2122 omnibus
3295 2053 3629 2122 mereban-

883 2190 1047 2258 dizis
1095 2212 1212 2279 per
1259 2193 1500 2258 terram
1548 2189 1959 2258 venientibus
2004 2190 2234 2259 eodem
2282 2190 2476 2258 modo
2525 2191 2643 2258 fist
2692 2191 3157 2260 demonstratio
3208 2195 3274 2260 et
3324 2191 3499 2278 quod
3548 2193 3632 2260 de

883 2326 1184 2396 omnibus
1232 2327 1424 2396 rebus
1471 2328 1649 2396 inira
1697 2327 2066 2396 libertatem
2107 2327 2264 2396 ville
2306 2332 2523 2412 nostre
2564 2327 2851 2416 predicte
2893 2327 3084 2396 fantis
3124 2328 3445 2417 predictos
3476 2327 3631 2397 bur·

884 2487 1116 2554 genses
1141 2468 1516 2534 tenemento.
1542 2487 1658 2533 seu
1684 2465 1920 2533 catulla
1945 2488 2168 2534 eorum
2197 2443 2622 2554 tangentibus
2650 2467 2827 2534 unde
2867 2465 3200 2553 inquisitio
3228 2465 3372 2554 oapi
3399 2463 3633 2533 debeat

885 2603 1060 2692 quod
1082 2603 1206 2670 illa
1231 2601 1564 2691 inquisitio
1593 2603 1678 2672 sit
1705 2603 2055 2672 terminata
2080 2626 2198 2691 per
2224 2602 2603 2672 intrinsecos
2630 2607 2697 2670 et
2721 2625 2857 2671 non
2883 2626 3001 2692 per
3030 2589 3207 2670 elios.
3292 2611 3298 2618 ’

975 2766 1416 2834 Gonoessimus
1453 2767 1653 2834 etism
1693 2767 1999 2856 predictis
2039 2765 2471 2856 burgensibus
2510 2767 2753 2834 nostris
2794 2769 2864 2833 et
2906 2788 3131 2834 eorum
3172 2763 3635 2834 suecessoribus

850 2933 856 2938 ·
885 2904 1063 2991 qnod
1089 2903 1375 2973 habeant
1404 2925 1627 2973 omnes
1653 2903 1985 2973 libertates
2013 2908 2081 2973 et
2108 2904 2343 2973 liberes
2364 2903 2859 2973 eonsuetudines
2886 2925 3047 2993 quss
3074 2902 3313 2971 habere
3341 2901 3634 2972 solebant

887 3046 1180 3130 tempore
1236 3046 1710 3111 anteoessorum
1767 3048 2062 3111 nostrum
2119 3048 2189 3111 et
2244 3064 2408 3131 quss
2461 3042 2815 3132 burgenses
2860 3043 3070 3110 nostri
3124 3043 3207 3110 de
3263 3040 3635 3109 Ksnnn‘sn

887 3178 1134 3248 habent
1160 3203 1244 3248 ex
1271 3179 1672 3247 ooneessione
1700 3184 1767 3247 et
1795 3180 2281 3250 oonfirmstione
2318 3184 2561 3249 nossa-s..
2650 3178 2765 3249 Ite
2804 3180 2981 3268 quod
3024 3180 3245 3247 omnis
3283 3178 3524 3268 pleoits
3566 3184 3635 3245 et

887 3319 1148 3406 querele
1191 3322 1330 3385 tem
1357 3318 1440 3385 de
1468 3316 1743 3400 hutesio,
1773 3318 2068 3401 elamore,
2099 3318 2419 3407 sanguine
2460 3318 2624 3401 fuso,
2653 3340 2853 3407 quum
2890 3319 2973 3385 de
3000 3315 3633 3407 transgressionibus,

889 3454 1148 3538 debitis,
1185 3455 1734 3539 conventionibus,
1765 3460 1832 3524 et
1861 3456 2007 3523 aliis
2049 3456 2393 3525 oontrsofis
2434 3454 2723 3539 diversis,
2756 3455 2837 3523 de
2880 3462 3091 3521 oetero
3133 3454 3528 3542 plsoitentur
3568 3458 3637 3521 et

891 3595 1324 3682 terminentur
1370 3594 1444 3661 in
1499 3594 1842 3661 hundreda
1896 3594 2052 3663 ville
2107 3596 2328 3661 nostre
2383 3593 2674 3682 predicte
2729 3592 3015 3683 exeeptis
3069 3591 3325 3681 placitis
3382 3612 3634 3673 oorone,

889 3730 1202 3812 fforestsl,
1243 3734 1309 3798 et
1351 3729 1797 3813 homesoohen,
1841 3753 1968 3819 que
2010 3729 2307 3819 placitari
2348 3729 2589 3798 debent
2630 3752 2847 3799 eoram
2886 3730 3257 3798 vioeeomite
3300 3733 3521 3796 nostro
3562 3729 3637 3796 in

893 3870 1074 3939 suria
1100 3869 1182 3936 de
1210 3865 1468 3936 Nssm
1496 3872 1564 3935 et
1591 3867 1862 3957 plsoitss
1887 3872 2059 3937 terre
2095 3891 2214 3959 per
2254 3866 2449 3937 breve
2490 3867 2563 3935 in
2605 3868 2839 3935 oomite
2878 3872 3101 3935 nostro
3143 3866 3226 3934 de
3268 3864 3641 3933 Ksnmrrs

888 4007 966 4075 in
995 4009 1398 4095 perpetuum,
1486 4005 1801 4076 Volentes
1828 4005 2028 4075 etism
2055 4010 2122 4075 et
2151 4008 2571 4075 consedentes
2598 4003 2772 4092 quod
2806 4003 3265 4073 constabularii
3305 4003 3513 4071 nostri
3554 4003 3639 4071 de

891 4142 1154 4213 Nmrm
1211 4143 1328 4233 qui
1367 4166 1486 4232 pro
1528 4147 1817 4232 tempore
1858 4143 2106 4211 fuerint
2146 4146 2416 4211 teneant
2456 4142 2730 4210 eandem
2774 4138 3183 4209 hundredum
3223 4144 3513 4208 nostram
3555 4139 3638 4208 de

893 4303 1116 4350 mense
1157 4280 1232 4349 in
1272 4302 1562 4349 mensem
1604 4283 1672 4348 et
1713 4279 1957 4370 placita
1997 4283 2225 4348 vocate,
2268 4284 2309 4319 ‘⁶
2325 4280 2709 4370 piepoudres
2727 4278 2769 4313 ”
2814 4282 2898 4349 de
2930 4280 3039 4348 die
3072 4279 3147 4347 in
3172 4279 3351 4347 diem
3376 4278 3639 4367 quando

889 4442 1148 4489 neeesse
1174 4418 1396 4489 fuerit.

977 4569 1122 4639 Nos
1165 4542 1388 4639 sutem
1431 4589 1656 4637 omnes
1698 4564 2082 4637 donationes
2107 4572 2176 4637 et
2201 4566 2634 4638 eoncessiones
2672 4568 3073 4657 supradictas
3113 4570 3289 4679 rstss
3330 4564 3645 4636 habentes
