4418 5888
3331 846 3465 914 217

798 1181 945 1227 mea
990 1158 1251 1227 ballivis
1304 1158 1737 1249 burgensibus
1790 1158 2308 1229 inhabitantibus
2364 1161 2735 1229 tenentibus
2791 1166 2860 1231 et
2913 1163 3343 1231 residentibus
3397 1162 3554 1232 ville

800 1301 1019 1365 nostre
1074 1298 1156 1366 de
1208 1296 1517 1365 Omlrr
1570 1298 1862 1366 salutem.

888 1460 1303 1549 Inspeximus
1340 1462 1562 1529 literas
1600 1464 1897 1549 patentes
1938 1460 2189 1529 domini
2227 1460 2432 1528 nostri
2475 1460 2682 1551 Regis
2723 1486 2900 1531 nunc
2945 1462 3288 1530 Enwsum
3336 1463 3553 1551 quarti

799 1620 1077 1685 quarum
1118 1601 1349 1667 datum
1390 1604 1491 1667 est
1529 1600 1831 1668 vicesimo
1876 1599 2150 1686 septimo
2200 1599 2308 1667 die
2357 1599 2597 1667 mensis
2642 1598 2872 1669 Martii
2909 1624 3082 1670 anno
3119 1602 3308 1690 regni
3347 1601 3556 1690 Regis

798 1736 961 1803 dieti
1030 1736 1279 1805 domini
1352 1736 1559 1825 Regis
1630 1737 1860 1825 quinto
1940 1734 2354 1825 [occnxxxn]
2423 1736 2614 1804 dictis
2675 1736 2933 1805 ballivis
2997 1739 3428 1828 burgensibus
3487 1743 3555 1806 et

798 1873 1315 1941 inhabitantibus
1387 1874 1557 1941 dicte
1628 1874 1785 1941 ville
1854 1878 2071 1940 nostre
2144 1874 2596 1940 confirmantes
2652 1876 2734 1941 de
2793 1875 3092 1943 omnibus
3147 1874 3554 1943 libertatibus

800 2010 1294 2079 comoditatibus
1320 2012 1731 2079 franchessiis
1758 2016 1826 2079 et
1854 2010 2426 2101 consuetudinibus
2453 2011 2537 2079 ab
2568 2013 2837 2099 antiquo
2869 2014 3134 2101 agitatis
3161 2020 3238 2081 ut
3264 2014 3336 2081 in
3365 2012 3554 2081 dicffis

796 2147 1003 2215 literis
1028 2149 1403 2236 patentibus
1441 2150 1601 2217 dicti
1636 2150 1911 2217 Domini
1948 2148 2153 2215 nostri
2190 2148 2398 2237 Regis
2427 2150 2684 2237 plenius
2719 2150 3102 2218 continetur.
3179 2151 3321 2219 Nos
3347 2151 3556 2239 igitur

798 2286 1271 2355 considerantes
1308 2287 1689 2354 fidelitatem
1728 2288 1905 2375 quod
1940 2285 2179 2374 prefati
2217 2286 2568 2375 burgenses
2597 2291 2664 2354 et
2690 2287 3130 2355 inhabitantes
3157 2312 3314 2377 erga
3339 2312 3458 2357 nos
3486 2291 3554 2357 et

796 2430 1220 2493 antecessores
1248 2430 1498 2493 nostros
1524 2425 1894 2494 habuerunt
1936 2429 2004 2491 et
2044 2424 2290 2493 habent
2332 2428 2398 2492 et
2437 2424 2511 2503 in
2553 2424 2778 2493 futuro
2822 2448 2978 2513 erga
3021 2448 3137 2493 nos
3179 2426 3443 2493 heredes
3485 2429 3554 2493 et

796 2584 1181 2631 successores
1226 2568 1477 2630 nostros
1520 2562 1856 2630 habeth
1912 2562 2342 2630 concessiones
2397 2562 2854 2631 ratificationes
2907 2568 2979 2631 et
3035 2562 3554 2630 confirmaciones

801 2700 1093 2767 omnium
1154 2705 1221 2768 et
1271 2700 1677 2789 singularum
1734 2700 2242 2769 franchesiarum
2293 2704 2360 2768 et
2414 2698 2792 2767 libertatum
2847 2701 2919 2767 in
2977 2701 3170 2767 cartis
3225 2704 3294 2767 et
3347 2699 3553 2766 literis

796 2838 1043 2905 domini
1071 2838 1277 2905 nostri
1316 2837 1521 2927 Regis
1558 2839 1832 2927 predicti
1870 2842 1938 2905 et
1975 2843 2446 2906 antecessorum
2483 2843 2848 2906 nostrorum
2885 2837 3186 2904 videlicet
3224 2836 3551 2904 Huooms

794 2977 857 3044 le
903 2938 1219 3043 Srniscnn
1264 2976 1519 3074 Tuom:
1570 2977 1634 3045 le
1684 2976 2001 3045 Srnncsn
2046 2975 2386 3044 IsABELme
2439 2975 2777 3044 Comitisse
2822 2975 3201 3045 Wmonm
3249 2975 3550 3042 Bassum

796 3113 1073 3181 Nnmn
1113 3116 1385 3182 donatas
1422 3118 1491 3182 et
1528 3115 1935 3182 confirmatas
1980 3117 2063 3182 de
2110 3115 2371 3202 speciali
2409 3115 2622 3202 gratia
2659 3117 2880 3181 nostra
2923 3117 3098 3180 ratas
3133 3112 3446 3180 habentes
3483 3117 3552 3182 et

794 3255 1013 3340 gratas
1042 3273 1149 3320 eas
1175 3273 1293 3339 pro
1320 3250 1508 3320 nobis
1532 3251 1878 3320 heredibus
1906 3257 1974 3320 et
2002 3251 2462 3320 successoribus
2489 3252 2726 3319 nostris
2753 3254 3072 3338 quantum
3110 3251 3184 3318 in
3224 3249 3412 3318 nobis
3453 3255 3553 3319 est

795 3393 1199 3478 acceptamus
1236 3388 1666 3478 approbamus
1702 3389 2095 3458 ratificamus
2127 3393 2195 3456 et
2225 3391 2675 3456 confirmamus
2707 3412 2782 3456 eo
2811 3389 2986 3476 quod
3014 3388 3172 3455 dicti
3199 3386 3552 3477 burgenses

795 3531 863 3594 et
879 3525 1319 3595 inhabitantes
1338 3527 1411 3594 in
1431 3526 1673 3594 futuris
1693 3526 2111 3595 electionibus
2128 3526 2518 3595 ballivorum
2541 3527 2710 3594 dicte
2726 3527 2882 3594 ville
2901 3531 3118 3630 nostre
3141 3527 3222 3592 de
3240 3523 3549 3592 emm

792 3687 911 3752 pro
954 3663 1127 3732 bono
1170 3663 1488 3753 regimine
1539 3663 1783 3732 ibidem
1823 3663 2247 3753 imposterum
2297 3664 2600 3754 eligenda
2643 3669 2710 3732 et
2751 3663 3134 3730 assumenda
3177 3662 3429 3750 eligant
3475 3663 3548 3730 in

790 3799 1063 3869 ballivos
1090 3801 1173 3869 de
1194 3799 1657 3869 valentioribus
1674 3799 2145 3889 potentioribus
2176 3852 2190 3868 .
2243 3852 2259 3867 .
2309 3851 2326 3868 .
2357 3804 2426 3868 et
2451 3800 2824 3869 melioribus
2849 3799 3137 3888 personis
3157 3799 3312 3866 ville
3331 3801 3550 3868 nostre

790 3939 1093 4027 predicte.
1184 3938 1282 4007 Et
1307 3939 1580 4007 ulterius
1606 3940 1693 4006 ad
1718 3938 2106 4006 instanciam
2134 3943 2202 4006 et
2237 3938 2498 4026 speciali
2538 3937 2955 4025 requisitione
2999 3937 3319 4004 dictorum
3357 3936 3548 4004 balli-

792 4100 1019 4146 vorum
1046 4077 1471 4168 burgensium
1506 4081 1574 4144 et
1611 4076 2123 4145 inhabitantium
2167 4077 2323 4144 ville
2365 4079 2582 4145 nostre
2623 4075 2908 4164 predicte
2952 4075 3034 4142 de
3076 4075 3290 4162 grafia
3330 4077 3552 4142 nostra

791 4215 1197 4283 concedimus
1225 4215 1467 4286 eisdem
1498 4214 1758 4284 ballivis
1800 4215 1915 4302 qui
1957 4237 2132 4282 nunc
2175 4218 2331 4282 sunt
2350 4217 2436 4282 -et
2478 4213 2592 4302 qui
2632 4212 2876 4280 tutin-is
2916 4211 3316 4300 temporibus
3357 4215 3553 4280 erunt

788 4357 867 4419 ut
907 4346 1263 4440 predicitur
1301 4351 1589 4422 habeant
1626 4357 2013 4440 potestatem
2054 4351 2402 4420 ordinandi
2449 4356 2520 4420 et
2569 4351 2900 4420 statuendi
2941 4350 3150 4418 curias
3189 4349 3442 4438 regales
3481 4353 3551 4417 et

786 4489 1128 4558 hundreda
1154 4490 1261 4558 die
1298 4488 1485 4558 Jovis
1518 4493 1847 4560 tenendas.
1938 4489 2244 4559 Preterea
2285 4487 2692 4558 concedimus
2733 4487 2924 4556 dictis
2963 4485 3223 4555 ballivis
3263 4484 3546 4574 burgen·

789 4627 964 4696 sibus
1020 4631 1089 4696 et
1142 4616 1661 4696 inhabitantibus
1716 4627 1873 4696 ville
1920 4631 2139 4696 nostre
2186 4627 2476 4716 predicte
2531 4627 2983 4694 auctoritatem
3037 4629 3108 4693 et
3160 4627 3548 4713 potestatem

786 4763 1171 4834 nominandi
1197 4769 1267 4833 et
1292 4765 1581 4856 eligendi
1616 4764 1690 4834 in
1721 4765 1863 4833 loco
1904 4763 2101 4834 unius
2140 4763 2371 4834 ballivi
2411 4764 2834 4853 imposterum
2874 4767 2954 4831 ut
2993 4761 3318 4851 prefertur
3359 4760 3549 4828 electi
