4418 5888
966 831 1095 898 372

872 1143 1039 1212 lario
1086 1144 1173 1211 ed
1216 1141 1384 1212 bene
1432 1146 1503 1211 et
1544 1142 1821 1212 fideliter
1868 1141 2242 1212 iaciendum
2291 1163 2672 1232 quecunque
2725 1143 2816 1212 sd
2869 1142 3078 1212 officis
3131 1163 3252 1210 sus
3297 1141 3628 1230 pertinent

875 1285 945 1350 ct
986 1281 1161 1368 quod
1200 1279 1407 1369 iidem
1448 1279 1757 1368 prepositi
1798 1283 1868 1349 et
1906 1283 2248 1348 testatores
2287 1279 2542 1348 onerari
2583 1278 2864 1348 debeant
2901 1279 2976 1349 in
3017 1279 3328 1368 compotis
3369 1279 3502 1349 suis
3539 1281 3626 1348 ds

874 1418 1158 1486 exitibus
1210 1417 1601 1485 ballivorum
1648 1419 1719 1486 et
1766 1417 1969 1486 eciam
2018 1419 2195 1506 quod
2243 1417 2518 1507 predicti
2566 1419 2698 1486 duo
2739 1416 3048 1505 prepositi
3087 1429 3154 1484 et
3193 1417 3476 1486 ballivus
3511 1415 3628 1503 qui

872 1577 993 1643 pro
1020 1559 1307 1642 tempore
1332 1553 1537 1622 fuerit
1566 1577 1685 1642 pro
1724 1554 2005 1622 serviciis
2038 1555 2171 1623 suis
2208 1555 2292 1623 de
2327 1555 2590 1624 redditu
2625 1555 2822 1623 unius
2856 1553 3166 1644 burgagii
3201 1559 3318 1622 aut
3351 1551 3628 1644 quilibet

873 1715 1099 1762 eorum
1126 1691 1331 1780 quieti
1356 1714 1474 1781 per
1500 1714 1747 1760 annum
1775 1694 1845 1760 et
1869 1693 2045 1780 quod
2078 1691 2256 1760 idem
2291 1691 2571 1760 ballivus
2603 1692 2816 1779 capiet
2851 1693 2934 1760 de
2971 1691 3360 1761 molendinis
3391 1667 3628 1760 nonu-ii

876 1831 961 1900 de
1000 1828 1327 1896 Kanum
1368 1852 1487 1918 pro
1530 1829 1789 1898 servitio
1832 1833 1901 1899 et
1940 1829 2159 1900 labore
2200 1853 2318 1898 suo
2360 1831 2443 1899 de
2485 1829 2696 1898 tribus
2735 1830 3112 1918 septimanis
3147 1829 3222 1898 in
3259 1833 3392 1898 {res
3427 1830 3622 1918 septi-

878 1989 1106 2036 manas
1147 1989 1357 2034 unum
1404 1965 1759 2034 bussellum
1802 1967 2119 2036 frumenfi
2164 1989 2284 2056 per
2327 1971 2542 2036 totum
2585 1989 2850 2036 annum.
2943 1967 3384 2036 Concessimus
3425 1967 3626 2036 etism

874 2103 1181 2192 predictis
1206 2101 1637 2192 burgensibus
1662 2103 1899 2172 nostris
1927 2105 2103 2192 quod
2138 2105 2224 2174 de
2261 2103 2560 2174 omnibus
2591 2103 3052 2172 merchsndisis
3077 2109 3216 2172 tum
3243 2127 3359 2193 per
3384 2109 3624 2174 terrm

874 2261 1076 2328 quem
1101 2262 1219 2328 per
1244 2263 1481 2329 squam
1508 2242 1595 2309 ed
1620 2241 1977 2329 predictam
2002 2241 2228 2310 villam
2253 2241 2664 2312 venientibus
2697 2265 2810 2310 seu
2841 2241 3324 2310 uuuseuntibus
3359 2243 3622 2311 demon·

876 2379 1105 2446 sta-atio
1151 2377 1363 2466 primo
1412 2379 1526 2447 fiet
1574 2378 2043 2450 constabulario
2091 2383 2313 2450 nostro
2359 2379 2648 2470 predicto
2697 2383 2766 2448 et
2811 2383 3034 2468 postea
3081 2379 3420 2468 prepositis
3465 2381 3623 2449 ville

877 2515 1057 2604 prius
1101 2537 1300 2604 quam
1344 2517 1596 2604 aliquid
1642 2518 1798 2588 inde
1840 2518 1927 2587 sit
1964 2519 2308 2588 vendiimn
2347 2541 2463 2588 seu
2511 2521 2833 2586 remotum
2879 2517 3000 2587 sub
3047 2541 3218 2606 pens.
3261 2539 3392 2606 qua
3439 2519 3626 2587 decet

876 2656 947 2722 et
979 2655 1155 2743 quod
1190 2655 1411 2723 nullus
1444 2655 1527 2723 de
1558 2654 1989 2746 burgensibus
2018 2656 2257 2726 nostris
2291 2655 2596 2746 predictis
2629 2655 2774 2744 cepi
2805 2679 2924 2724 nec
2955 2655 3362 2744 impl-isoncii
3389 2655 3623 2726 debent

876 2792 951 2860 in
980 2797 1185 2860 castro
1211 2797 1431 2861 nostro
1457 2794 1745 2882 predicto
1770 2817 1889 2882 pro
1917 2793 2242 2883 aliquibus
2279 2815 2387 2862 ecs
2423 2791 2845 2882 tengenfibus
2869 2793 3030 2860 dum
3054 2793 3622 2882 manuoepoionem

876 2954 992 2998 seu
1045 2929 1451 3021 plegisgium
1506 2931 1594 2999 sd
1648 2931 2032 3001 exteriorem
2082 2935 2344 3021 portum
2406 2930 2701 3020 ejusdem
2759 2930 2952 3001 castri
3006 2934 3269 3021 possent
3332 2928 3622 3000 invenire

878 3067 1007 3135 nisi
1032 3068 1105 3135 in
1135 3091 1287 3137 casu
1310 3068 1551 3137 felonis
1580 3092 1729 3137 cum
1756 3092 2147 3159 manuopere
2170 3073 2358 3138 tento
2393 3070 2567 3158 cepti
2596 3069 2847 3137 fuerint
2871 3092 2987 3138 seu
3011 3091 3130 3157 pro
3155 3068 3480 3157 aliquibus
3505 3090 3624 3138 nos

879 3211 997 3275 sut
1032 3168 1319 3275 familias
1352 3211 1604 3275 nom
1630 3206 1990 3295 specialiter
2014 3204 2436 3297 tangentibus
2471 3210 2542 3275 et
2567 3207 2650 3275 de
2675 3206 2976 3275 omnibus
3009 3206 3202 3276 rebus
3227 3208 3404 3275 infin
3429 3207 3620 3277 liber·

876 3346 1083 3411 tatem
1118 3342 1275 3411 ville
1310 3348 1527 3412 nostre
1566 3344 1852 3432 predicte
1892 3344 2085 3412 fectis
2124 3344 2410 3433 prefatos
2438 3342 2792 3433 burgenses
2827 3346 3199 3413 tenemento.
3238 3366 3354 3413 seu
3387 3346 3624 3413 catella

876 3618 1129 3686 minata
1160 3640 1277 3706 per
1317 3618 1695 3687 intrinsecos
1736 3618 2029 3707 ejusdem
2066 3618 2222 3687 ville
2250 3623 2318 3687 et
2343 3640 2476 3687 non
2504 3640 2622 3707 pei·
2646 3619 2824 3687 alios.
2897 3618 3336 3689 Concessimus
3361 3620 3624 3709 insuper

876 3754 1118 3843 eisdem
1166 3754 1595 3844 burgensibus
1650 3755 1886 3824 nostris
1935 3756 2111 3844 quod
2158 3756 2286 3844 ipsi
2333 3779 2452 3824 nec
2507 3755 2772 3823 heredes
2821 3755 2922 3822 sui
2971 3778 3106 3825 esse
3153 3777 3286 3823 non
3343 3754 3624 3824 debeant

872 3896 1228 3979 receptores
1276 3893 1688 3960 denariorum
1742 3896 2107 3961 nesta-orum
2162 3892 2290 3961 nisi
2345 3897 2566 3960 temen
2623 3895 2706 3960 de
2763 3892 3044 3961 denariis
3097 3892 3482 3961 exounfibus
3537 3894 3622 3963 de

872 4030 1117 4099 ballivo.
1163 4030 1537 4118 prepositat’
1590 4032 1745 4100 ville
1802 4036 2019 4100 nostre
2074 4031 2360 4120 predicte
2415 4054 2536 4101 nec
2591 4031 2896 4119 distringi
2951 4028 3230 4099 debeant
3285 4032 3370 4097 sd
3423 4030 3620 4100 bleda

870 4192 1093 4237 carnes
1140 4170 1296 4235 vine
1344 4192 1459 4236 seu
1512 4169 1645 4236 ulis
1699 4169 2005 4237 victimlia
2058 4174 2281 4236 nosch-a
2329 4173 2553 4237 contra
2607 4168 3010 4236 voluntatem
3065 4191 3288 4237 eorum
3345 4172 3619 4238 emenda

870 4307 986 4375 sed
1019 4308 1193 4396 quod
1231 4306 1418 4374 liberi
1456 4305 1589 4373 sint
1626 4329 1742 4395 per
1776 4306 2143 4376 libertatem
2182 4328 2406 4385 eorum
2442 4307 2720 4375 vendere
2763 4306 2983 4374 omnis
3019 4328 3148 4395 que
3182 4306 3428 4376 hebent
3461 4330 3643 4376 ven--

868 4444 1085 4513 dende
1116 4443 1473 4532 cuicunque
1506 4448 1576 4512 et
1614 4443 2099 4533 quibuscunque
2140 4445 2213 4512 in
2255 4465 2386 4532 quo
2425 4448 2714 4532 tempore
2752 4444 3078 4513 voluerint
3117 4444 3358 4533 absque
3397 4444 3616 4532 aliquo

866 4582 1352 4672 impedimento.
1406 4582 1709 4651 Protei-ee
1734 4583 2155 4650 concessimus
2180 4582 2452 4671 prefatis
2475 4580 2906 4671 burgensibus
2929 4582 3168 4650 nostris
3193 4582 3370 4670 quod
3395 4581 3521 4671 ipsi
3548 4586 3617 4651 et

867 4720 3443 4811 heredessuiliberelegmpossentomniaburgagissusperipsossdquisits
3475 4726 3616 4789 tani
