4418 5888
3338 833 3472 900 257

804 1147 1091 1238 pedam
1118 1149 1189 1215 et
1213 1145 1743 1214 benedictionem.
1838 1143 2073 1214 Sciatis
2099 1168 2219 1233 nos
2246 1146 2496 1214 dedisse
2525 1147 2900 1214 concessisse
2936 1169 3010 1214 uc
3051 1147 3330 1234 presenti
3375 1151 3555 1214 curta

806 1290 1027 1381 nesta-s
1052 1285 1457 1354 confirmasse
1498 1307 1617 1374 pro
1652 1283 1841 1352 nobis
1868 1288 1935 1351 et
1963 1281 2422 1350 successoribus
2449 1283 2689 1350 nostris
2719 1285 2952 1352 dilecto
2981 1284 3168 1352 nobis
3193 1285 3265 1352 in
3297 1283 3553 1352 Clu-isto

804 1421 1119 1492 Homo
1176 1421 1418 1490 CARNE
1466 1423 1831 1490 manerium
1878 1425 2174 1490 nostrum
2232 1421 2314 1488 de
2365 1420 2603 1488 PARvo
2653 1421 3016 1491 Frnmno
3065 1423 3227 1490 elias
3273 1421 3556 1490 Ian-su.

802 1559 1085 1630 Nasam
1114 1583 1263 1628 cum
1290 1559 1593 1628 omnibus
1620 1563 1689 1628 et
1715 1560 1993 1648 singulis
2020 1559 2154 1627 suis
2184 1559 2599 1648 pertinentiis
2627 1581 2702 1626 ac
2726 1559 2924 1626 etiam
2951 1560 3140 1626 terris
3166 1558 3556 1626 tenementis

802 1696 1009 1785 prefis
1046 1697 1299 1784 pascuis
1338 1694 1620 1784 pasturis
1659 1693 1867 1762 boscis
1908 1692 2234 1762 subboscis
2275 1699 2342 1764 et
2385 1695 2744 1763 redditibus
2785 1719 3036 1764 necnon
3077 1718 3226 1764 cum
3253 1695 3556 1764 omnibus

802 1837 871 1902 et
914 1833 1193 1922 singulis
1232 1832 1795 1908 commoditatibus
1844 1833 2298 1900 emolumentis
2346 1837 2415 1900 et
2459 1834 2759 1922 proficuis
2809 1833 3296 1922 quibuscunque
3339 1833 3552 1902 eidem

802 1971 1091 2040 manerio
1118 1971 1651 2058 qualitercunque
1678 1969 2155 2058 pertinentibus
2182 1970 2318 2036 sive
2349 1970 2804 2058 spectantibus.
2875 1970 3278 2038 Hebendum
3312 1974 3379 2039 et
3406 1975 3549 2039 ten-

799 2109 1045 2178 endum
1068 2108 1433 2198 predictum
1468 2108 1835 2177 manerium
1870 2129 2021 2176 cum
2062 2107 2364 2176 omnibus
2405 2111 2475 2175 et
2515 2107 2791 2197 singulis
2823 2109 2980 2176 sniis
3021 2109 3429 2196 pertinentiis
3467 2131 3546 2178 ec

804 2247 1007 2316 eciem
1034 2247 1225 2315 terris
1251 2247 1641 2316 tenementis
1682 2246 1888 2335 pratis
1924 2245 2179 2336 pascuis
2204 2245 2486 2334 pasturis
2515 2244 2720 2314 boscis
2747 2244 3072 2314 subboscis
3099 2253 3166 2314 et
3193 2245 3556 2314 redditibus

804 2407 1055 2454 necnon
1096 2407 1245 2452 cum
1288 2381 1587 2452 omnibus
1626 2387 1695 2452 et
1734 2382 2013 2471 singulis
2053 2380 2616 2451 commoditatibus
2649 2383 3101 2452 emolumentis
3145 2388 3210 2451 et
3249 2383 3552 2472 proficuis

810 2522 1297 2612 quibuscunque
1326 2521 1553 2590 ecdem
1578 2519 1867 2588 msnerio
1897 2517 2432 2608 qualitercunque
2459 2502 2934 2608 pertinentibus
2954 2521 3088 2588 sive
3115 2519 3554 2610 spectantibus

803 2659 1059 2750 prefato
1078 2657 1393 2728 Hownno
1414 2657 1657 2726 omn
1676 2655 2021 2726 heredibus
2040 2659 2109 2725 et
2128 2656 2476 2746 assignatis
2495 2657 2627 2725 suis
2645 2657 3140 2748 imperpetuum.
3191 2647 3556 2728 Reddendo

805 2798 961 2866 inde
989 2797 1330 2880 annuatim
1358 2794 1547 2866 nobis
1588 2799 1658 2864 et
1684 2792 2143 2864 successoribus
2178 2793 2416 2862 nostris
2441 2793 2919 2884 imperpetuum
2945 2797 3223 2886 triginta.
3247 2801 3317 2865 et
3343 2819 3554 2866 unum

806 2935 1043 3007 solidos
1069 2935 1301 3027 legulis
1327 2937 1587 3003 monete
1606 2931 1857 3023 Anglie
1887 2931 2226 3002 solvendos
2251 2955 2504 3023 semper
2531 2935 2617 3001 ad
2644 2934 2886 3003 festum
2907 2933 3130 3004 Sancti
3156 2934 3554 3005 Mmmums

807 3074 1205 3164 urchisngeli
1232 3096 1351 3163 pro
1378 3072 1679 3143 omnibus
1710 3072 1857 3141 eliis
1888 3071 2171 3141 serviciis
2211 3071 2658 3141 exaccicnibus
2682 3078 2752 3140 et
2778 3073 3115 3141 demendis
3141 3073 3336 3141 salvis
3363 3074 3552 3142 sectis

806 3212 981 3281 curie
1007 3216 1225 3281 nostre
1252 3214 1321 3279 et
1348 3232 1781 3280 successorum
1805 3214 2173 3279 nostrorum
2200 3210 2462 3280 ibidem.
2553 3210 2648 3279 Et
2675 3234 2796 3279 nos
2821 3232 2972 3279 vero
2995 3208 3346 3279 Gsonoms
3366 3215 3550 3279 ente-

806 3349 1019 3419 dictus
1060 3352 1129 3419 et
1168 3370 1555 3418 successores
1595 3348 1803 3418 nostri
1841 3348 2207 3439 predictum
2247 3348 2611 3417 manerium
2653 3370 2803 3417 cum
2836 3347 3138 3416 omnibus
3175 3352 3242 3415 et
3274 3348 3554 3437 singulis

805 3487 941 3557 suis
977 3485 1455 3577 pertinentibus
1494 3508 1571 3555 eo
1612 3486 1813 3555 etism
1853 3486 2045 3555 terris
2084 3485 2475 3555 tenementis
2513 3486 2718 3575 pratis
2749 3486 3002 3575 pascuis
3033 3486 3312 3573 pasturis
3347 3485 3556 3555 boscis

806 3623 1129 3695 subbcscis
1169 3627 1239 3693 et
1284 3623 1646 3694 redditibus
1699 3646 1953 3695 necnon
2000 3647 2151 3693 cum
2204 3623 2506 3694 omnibus
2553 3628 2622 3693 et
2668 3623 2944 3713 singulis
2987 3622 3554 3693 commoditatibus

807 3761 1259 3831 emolumentis
1285 3765 1355 3831 et
1390 3760 1691 3851 proficuis
1727 3760 2214 3855 quibuscunque
2253 3762 2466 3829 eidem
2499 3762 2789 3829 msnerio
2830 3760 3362 3850 qualitercunque
3403 3784 3548 3851 per·

804 3898 1167 3969 tinentibus
1192 3898 1329 3967 sive
1355 3898 1793 3991 spectantibus
1818 3898 2107 3989 predicto
2134 3897 2451 3967 Hownno
2472 3898 2714 3969 offla
2741 3897 3084 3967 heredibus
3111 3904 3179 3968 et
3206 3899 3554 3991 assignetis

806 4036 943 4107 suis
978 4036 1461 4127 imperpetuum
1487 4040 1713 4106 conire
1738 4058 1963 4107 omnes
1980 4040 2214 4127 gentes
2233 4034 2798 4107 warantizabimus
2815 4020 3344 4107 et'defendemus.
3417 4038 3552 4109 Sed

806 4174 868 4245 εἰ
916 4174 1259 4265 continget
1302 4174 1521 4264 ulique
1578 4178 1867 4265 tempore
1912 4174 1991 4244 in
2034 4173 2337 4244 futurum
2384 4174 2704 4265 predictos
2751 4174 3114 4244 redditibus
3159 4174 3440 4265 triginta
3483 4178 3552 4245 et

807 4312 1004 4381 unius
1044 4311 1395 4382 solidorum
1436 4312 1510 4381 in
1552 4316 1739 4402 perte
1778 4312 1885 4382 vel
1926 4312 2001 4379 in
2040 4314 2183 4381 tcto
2225 4314 2438 4381 metro
2474 4333 2610 4381 esse
2645 4333 2782 4381 non
2823 4311 3067 4380 solutos
3104 4335 3224 4400 per
3261 4312 3559 4401 spfflum

808 4449 1087 4539 triginta
1126 4449 1381 4519 dierum
1420 4449 1795 4519 immediate
1836 4448 2252 4537 sequencium
2287 4450 2435 4537 post
2467 4448 2706 4517 festum
2732 4447 3128 4517 memus
3155 4448 3556 4539 erchisngeli

808 4560 2195 4677 prenominatumetprelimitetumquod
2247 4589 2410 4655 tunc
2463 4584 3552 4655 benelicusritnobisetsucces-

810 4722 1060 4793 soribus
1098 4724 1337 4794 nostris
1374 4725 1449 4793 in
1489 4724 1854 4817 predictum
1893 4724 2259 4796 manerium
2301 4728 2594 4794 nonu-um
2637 4745 2787 4792 cum
2828 4722 3128 4791 omnibus
3169 4726 3238 4789 et
3273 4722 3555 4813 singulis
