4418 5888
3333 918 3464 984 283

803 1204 1201 1301 &surmus
1248 1230 1524 1299 tradidit
1571 1229 1879 1299 concessit
1926 1234 1994 1298 et
2038 1230 2127 1299 ad
2172 1230 2430 1297 firmam
2479 1229 2728 1297 dimisit
2774 1230 3030 1317 prefato
3079 1230 3422 1298 Prnmrro
3468 1254 3555 1320 ap

804 1366 1205 1436 Immmn
1248 1367 1595 1463 heredibus
1630 1373 1699 1437 et
1736 1368 2081 1457 assignatis
2122 1368 2256 1436 suis
2295 1371 2740 1436 tenementum
2781 1392 2973 1436 suum
3014 1370 3098 1436 de
3137 1368 3556 1437 Bmmesron

806 1528 955 1574 cum
992 1505 1291 1575 omnibus
1328 1506 1519 1575 terris
1554 1506 1759 1595 pratis
1798 1510 1867 1575 et
1906 1502 2187 1595 pasturis
2227 1506 2440 1574 eidem
2477 1510 2848 1575 tenemento
2885 1505 3322 1594 spectantibus
3361 1512 3560 1595 prout

805 1645 1027 1733 jacent
1051 1645 1124 1712 in
1150 1644 1344 1713 feodo
1371 1646 1453 1712 de
1483 1644 1869 1713 Oeamonn
1906 1668 2023 1733 per
2057 1666 2204 1712 suas
2246 1643 2548 1731 antiquas
2587 1648 2796 1711 metas
2833 1648 2901 1713 et
2940 1644 3195 1713 bundas
3234 1667 3445 1732 nuper
3483 1643 3560 1715 in

805 1787 1039 1851 tenura
1064 1782 1465 1851 mmmm
1494 1806 1579 1870 ap
1606 1782 1845 1851 DAvm
1873 1781 2223 1852 TAYnoun.
2285 1782 2690 1852 Habendum
2717 1788 2786 1852 et
2810 1786 3167 1852 tenendum
3193 1786 3558 1873 predictum

804 1924 1250 1989 tenementum
1278 1944 1426 1989 cum
1454 1920 1755 1990 omnibus
1779 1922 1967 1990 terris
1986 1922 2190 2010 pratis
2218 1924 2286 1990 et
2310 1920 2591 2010 pasturis
2610 1921 2822 1990 eidem
2839 1926 3210 1991 tenemento
3229 1922 3557 2010 pertinen-

806 2058 983 2127 tibus
1010 2082 1051 2126 a
1077 2058 1245 2127 festo
1274 2058 1497 2127 Sancti
1534 2058 1755 2127 Pmnr
1791 2060 2066 2147 apostoli
2102 2058 2398 2147 proximo
2440 2059 2664 2128 futuro
2705 2064 2852 2147 post
2893 2061 3121 2128 datum
3161 2060 3559 2148 presentium

807 2198 1019 2266 eidem
1058 2197 1401 2264 Pmurro
1437 2196 1781 2265 heredibus
1818 2201 1886 2264 et
1926 2195 2271 2284 assignatis
2313 2196 2446 2264 suis
2485 2220 2690 2283 usque
2729 2198 2815 2267 ad
2852 2197 3050 2265 finem
3078 2197 3416 2287 sexaginta
3450 2196 3553 2287 [1³]

810 2336 1031 2403 decem
1072 2357 1391 2402 annorum
1446 2335 1890 2423 proximorum
1940 2333 2348 2421 sequentium
2399 2338 2468 2403 et
2515 2334 2802 2423 plenarie
2848 2336 3372 2423 complendorum
3413 2340 3562 2424 post

809 2474 1039 2541 datum
1064 2472 1461 2561 presentium
1488 2473 1572 2539 de
1600 2471 1862 2559 capitali
1888 2471 2153 2539 domino
2179 2471 2358 2539 feodi
2385 2471 2563 2539 illius
2588 2495 2705 2560 per
2730 2474 3022 2539 redditus
3049 2473 3314 2541 servicia
3341 2477 3409 2541 et
3435 2472 3558 2540 tal-

808 2608 985 2697 lagia
1000 2608 1153 2677 inde
1169 2608 1390 2677 debita
1406 2610 1681 2677 durante
1700 2608 1978 2677 termino
2000 2610 2344 2677 antedicto.
2393 2608 2754 2677 Reddendo
2773 2610 2928 2683 iude
2949 2612 3290 2677 annuatim
3309 2610 3562 2698 prefato

811 2745 1169 2813 Enwnnno
1216 2750 1284 2814 et
1327 2746 1671 2815 heredibus
1712 2745 1846 2815 suis
1886 2747 1975 2816 ad
2013 2747 2182 2815 festa
2232 2748 2667 2834 apostolorum
2717 2747 3047 2815 Pmmrm
3097 2750 3165 2815 et
3209 2747 3256 2816 J
3257 2770 3452 2816 Acom
3497 2752 3566 2817 et

689 2899 697 2907 ·
810 2882 1033 2952 Sancti
1082 2882 1477 2952 Mmmnms
1527 2882 1901 2974 archangeli
1950 2884 2292 2975 sexaginta
2341 2884 2578 2953 solidos
2627 2884 3086 2974 sterlingorum
3133 2908 3250 2974 per
3306 2884 3566 2974 equales

810 3023 1159 3110 porciones.
1248 3021 1343 3089 Et
1393 3023 1605 3090 dictus
1660 3021 2045 3090 Pnun‘rus
2100 3022 2368 3090 heredes
2417 3026 2486 3091 et
2535 3022 2846 3112 assignata·
2891 3023 2994 3090 sui
3039 3023 3278 3092 debent
3327 3027 3566 3092 sectam

812 3160 1173 3236 curiedicti
1200 3159 1545 3226 Enwlntm
1574 3161 1752 3248 apud
1778 3159 2116 3227 anm
2144 3164 2213 3228 et
2238 3159 2588 3229 heriettum
2627 3184 2775 3230 cum
2809 3161 3128 3228 acciderit.
3218 3161 3314 3228 Et
3355 3162 3582 3230 dictus

812 3297 1197 3364 Pnumus
1222 3297 1489 3366 heredes
1530 3301 1599 3366 et
1639 3297 1952 3386 assignati
1992 3297 2093 3364 sui
2132 3297 2353 3365 omnia
2389 3299 2642 3366 edificia
2669 3298 2962 3386 ejusdem
2989 3299 3345 3368 tenementi
3371 3301 3566 3369 modo

814 3437 1174 3502 constructa
1201 3436 1284 3503 de
1312 3457 1485 3503 anno
1512 3436 1584 3504 in
1614 3459 1860 3504 annum
1894 3437 2171 3504 durante
2214 3403 2492 3504 termino
2535 3438 2902 3526 supradicto
2943 3437 3460 3505 manutenebunt
3501 3443 3570 3505 et

772 3605 787 3616 ·
812 3571 1269 3640 sustentabunt
1322 3572 1487 3642 bene
1544 3579 1613 3641 et
1662 3577 2111 3662 competenter.
2205 3573 2302 3640 Et
2347 3598 2424 3642 ea
2472 3574 2544 3642 in
2590 3576 2720 3642 fine
2765 3575 3029 3643 termini
3078 3557 3352 3663 predicti
3394 3574 3568 3642 dicto

812 3708 1169 3776 EnwAnno
1220 3713 1288 3778 et
1326 3710 1671 3779 heredibus
1712 3713 1844 3780 suis
1885 3711 2051 3780 bene
2096 3717 2394 3800 reparata
2443 3711 2515 3781 in
2561 3713 2748 3780 tectis
2793 3717 2861 3780 et
2903 3713 3168 3800 parietis
3211 3712 3563 3780 dimittent.

814 3845 909 3914 Et
936 3847 993 3915 si
1020 3847 1195 3914 dicta
1220 3849 1511 3916 redditus
1539 3851 1877 3938 sexaginta
1906 3849 2262 3918 solidorum
2300 3873 2340 3916 a
2378 3855 2550 3918 retro
2583 3851 2786 3918 fuerit
2825 3851 2897 3918 in
2921 3855 3124 3938 parte
3167 3851 3272 3918 vel
3312 3851 3384 3918 in
3427 3855 3568 3918 toto

813 3990 961 4073 post
986 3985 1251 4072 aliquod
1277 3987 1631 4055 terminum
1658 3988 2182 4076 prenominatum
2213 3991 2291 4055 ut
2319 3989 2392 4054 in
2419 3989 2702 4055 denariis
2720 3987 2824 4055 vel
2853 3988 3362 4057 districcionibus
3391 3989 3568 4076 quod

813 4127 971 4191 tunc
998 4122 1163 4192 bene
1183 4124 1403 4193 licebit
1420 4126 1674 4214 prefato
1704 4125 2061 4192 Envunno
2089 4128 2158 4193 et
2188 4125 2535 4194 heredibus
2562 4087 2694 4194 suis
2719 4127 2791 4194 in
2820 4127 2992 4194 dicto
3021 4131 3389 4195 tenemento
3418 4147 3568 4194 cum

813 4262 1113 4331 omnibus
1138 4264 1327 4332 terris
1352 4264 1557 4352 pratis
1584 4268 1652 4331 et
1677 4263 1957 4353 pasturis
1999 4263 2212 4332 eidem
2257 4267 2628 4332 tenemento
2669 4262 3106 4351 spectantibus
3146 4264 3457 4332 reintrare
3501 4267 3570 4331 et

812 4401 1061 4470 dictum
1112 4393 1519 4469 Pnimrtm
1564 4401 1829 4470 heredes
1874 4404 1943 4469 et
1987 4401 2348 4490 assignatos
2398 4423 2546 4468 suos
2588 4399 2743 4468 inde
2785 4401 3104 4488 expellere
3145 4401 3273 4468 hiis
3314 4401 3568 4488 scriptis

813 4539 1169 4607 indentatis
1200 4562 1335 4607 non
1378 4538 1799 4608 obstantibus.
1890 4537 1987 4606 Et
2026 4539 2240 4606 dictus
2284 4539 2669 4606 Pmmrrus
2712 4541 2829 4606 dat
2869 4539 3042 4606 dicto
3085 4539 3441 4607 EnwAnno
3485 4540 3570 4608 de

814 4675 1111 4764 ingressu
1167 4699 1306 4744 xm,
1398 4675 1494 4744 Et
1542 4677 1753 4745 dictus
1802 4677 2200 4744 Enwnmns
2251 4681 2319 4745 et
2362 4677 2628 4745 heredes
2677 4677 2779 4744 sui
2828 4677 3075 4745 dictum
3123 4683 3570 4746 tenementum

817 4835 966 4880 cum
1008 4812 1309 4881 omnibus
1350 4812 1538 4882 terris
1577 4813 1781 4902 pratis
1822 4818 1890 4884 et
1931 4813 2213 4903 pasturis
2255 4815 2466 4883 eidem
2499 4819 2867 4883 tenemento
2896 4815 3331 4902 spectantibus
3358 4815 3570 4884 eidem
