4418 5888
3387 813 3536 935 311¹

1965 1183 2487 1256 OGOOXLVH.

846 1353 1283 1426 REOEASE
1362 1351 1499 1422 BY
1574 1349 2022 1422 WILLIAM
2091 1348 2152 1417 Τ
2167 1347 2416 1416 YLER
2489 1345 2606 1415 ΤΟ
2679 1344 2945 1414 ’.[ῊΟΒ.
3016 1342 3600 1418 STRADLYNG

1740 1487 1933 1558 FOR.
1999 1483 2712 1556 SYGENSLONDE.

2038 1635 2157 1728 [G.
2192 1635 2274 1706 G.
2305 1634 2425 1726 R]

2560 1773 2648 1841 36
2690 1773 2902 1842 Hau:
2947 1773 3156 1842 VIII.
3249 1775 3514 1842 1544-6.

936 1931 1258 2001 Omnibus
1284 1929 1525 2000 Christi
1556 1926 1859 1997 fidelibus
1884 1927 1972 1994 ad
1999 1948 2160 2014 quos
2177 1947 2440 2014 presens
2459 1924 2767 2013 seriptum
2788 1927 3150 2012 pervenerit
3171 1923 3607 1995 annnms

846 2069 1091 2140 Tmn
1113 2070 1197 2136 de
1218 2069 1459 2136 Sanota
1478 2035 1881 2134 1⁸31ue1niin
1902 2064 2191 2132 dominio
2213 2064 2296 2130 de
2318 2062 2610 2131 Oeuoas
2631 2062 2706 2130 in
2725 2064 3036 2130 comitatu
3057 2061 3604 2130 Gmoaoarroxn

846 2229 1155 2296 yemman
1186 2206 1463 2274 salutem
1488 2206 1563 2274 in
1590 2203 1855 2272 domino
1882 2202 2361 2291 sempiternam.

937 2342 1270 2412 Noverifis
1297 2364 1405 2410 me
1432 2341 1762 2431 prefatum
1792 2339 2249 2410 Wmnnnm
2292 2338 2533 2407 Tuan
2571 2363 2692 2428 pro
2717 2362 2973 2407 summa
3000 2340 3438 2428 quadraginta
3463 2347 3606 2408 ooto

846 2501 1209 2548 marearum
1238 2479 1700 2568 sterlingorum
1728 2477 1927 2546 miehi
1954 2501 2071 2566 per
2099 2477 2412 2544 Tuomu
2455 2476 2869 2544 S’rmnmo
2911 2478 2994 2544 de
3035 2475 3276 2544 Sanoto
3320 2476 3608 2546 Dona-o

848 2616 923 2684 in
951 2617 1265 2685 eomitatu
1284 2617 1573 2706 predioto
1595 2615 1989 2704 armigerum
2016 2637 2133 2702 pre
2154 2612 2454 2681 manibus
2475 2613 2834 2682 solutarum
2855 2614 3031 2680 unde
3054 2614 3263 2682 fateor
3293 2615 3608 2702 meipsum

844 2757 1248 2822 satisfastum
1278 2759 1346 2822 et
1384 2759 1767 2822 eontentum
1808 2752 1947 2820 foro
1988 2775 2105 2839 per
2146 2755 2474 2840 presentes
2517 2750 2832 2818 remisisse
2873 2749 3192 2818 relaxasse
3233 2755 3302 2818 et
3345 2751 3608 2820 omnino

848 2913 966 2979 pro
996 2913 1103 2959 me
1145 2895 1214 2959 et
1254 2889 1601 2960 heredibus
1640 2890 1801 2959 meis
1842 2889 2326 2979 imperpetuum
2368 2888 2664 2977 quietum
2705 2889 3010 2957 clamasse
3051 2890 3306 2979 prefato
3352 2889 3607 2961 Tuon

846 3028 1295 3095 Smnmme
1352 3028 1426 3095 in
1482 3049 1602 3095 sua
1658 3028 1855 3115 plena
1912 3036 1983 3095 et
2031 3028 2300 3115 paoiflea
2347 3027 2738 3117 possessione
2789 3028 3095 3095 existenti
3148 3026 3492 3097 heredibus
3541 3034 3610 3097 et

842 3164 1192 3253 assignatis
1246 3163 1383 3231 suis
1435 3164 1913 3251 imperpetuum
1971 3166 2188 3231 totum
2244 3162 2271 3251 j
2277 3184 2356 3230 us
2403 3186 2624 3263 meum
2669 3156 2940 3232 titulum
2995 3170 3239 3233 statum
3288 3166 3606 3235 olameum

838 3300 1149 3367 interesse
1176 3320 1293 3367 seu
1318 3300 1709 3367 demandam
1736 3322 1883 3367 mes.
1910 3321 2039 3388 que
2066 3324 2358 3389 unquam
2394 3300 2594 3368 habui
2636 3300 2842 3368 habeo
2871 3324 2988 3369 seu
3015 3302 3088 3369 in
3117 3302 3342 3372 futuro
3368 3303 3605 3372 habere

844 3442 1071 3525 potero
1117 3436 1200 3504 de
1247 3444 1315 3504 et
1359 3440 1433 3504 in
1478 3438 1634 3505 totis
1674 3438 1807 3505 illis
1846 3439 2212 3527 messuagio
2253 3439 2425 3507 tofto
2468 3438 2744 3527 gardino
2785 3443 2960 3507 terra
3001 3446 3376 3509 tenemento
3419 3446 3608 3530 prato

842 3596 1079 3663 pasouo
1133 3582 1400 3662 pastura
1453 3574 1641 3643 bosoo
1696 3576 2005 3645 subbosoo
2064 3577 2426 3646 redditibus
2481 3575 2954 3645 reversionibus
3002 3584 3072 3645 et
3127 3577 3408 3646 servioiis
3458 3602 3608 3647 oum

838 3709 1147 3779 omnibus
1185 3714 1253 3778 et
1293 3712 1571 3801 singulis
1612 3713 1745 3780 suis
1786 3714 2202 3802 pertinendis
2243 3714 2602 3802 vulg-ariter
2635 3716 3026 3803 nuncupatis
3068 3715 3336 3784 Stenas
3379 3738 3608 3785 mun

834 3846 1209 3935 jsoentibus
1277 3848 1351 3915 in
1414 3849 1655 3917 Saneta
1724 3850 2033 3919 BmemA
2104 3850 2395 3940 predicta
2465 3852 2720 3919 situatis
2786 3852 2958 3920 inter
3029 3859 3271 3921 terram
3349 3852 3608 3922 Tuon

845 3984 1258 4054 Ermum
1287 3987 1560 4074 predicti
1590 3988 1896 4078 armigeri
1924 4011 2007 4057 ex
2034 3998 2222 4075 parte
2255 3988 2554 4056 orientali
2597 3994 2662 4055 et
2705 3994 2947 4056 terram
2990 3988 3246 4057 Tflomr
3290 4013 3375 4078 ap
3416 3989 3464 4059 J
3465 4012 3608 4057 oms

841 4124 927 4190 de
955 4123 1259 4191 Buram
1288 4126 1583 4212 generosi
1610 4148 1695 4193 ex
1720 4124 2016 4213 partibus
2048 4126 2432 4194 oeoidentali
2473 4134 2542 4194 et
2581 4126 2824 4195 boreali
2867 4134 2937 4195 et
2977 4133 3221 4196 terram
3264 4128 3608 4195 Enwlmm

839 4284 931 4347 ap
958 4258 1007 4328 J
1007 4282 1153 4327 orm
1181 4262 1263 4328 de
1292 4260 1747 4331 omnus-ron
1776 4264 2071 4351 generosi
2103 4286 2185 4331 ex
2213 4271 2400 4351 parte
2439 4264 2727 4333 australi.
2815 4264 2930 4331 Ita
2957 4286 3108 4333 vero
3138 4266 3312 4353 quod
3339 4288 3459 4334 neo
3485 4286 3610 4353 ego

838 4398 1134 4487 prefatus
1167 4398 1601 4468 W1mmus
1628 4398 1871 4468 Tun
1896 4423 2017 4468 neo
2044 4399 2312 4467 heredes
2345 4400 2476 4467 mei
2517 4422 2637 4467 neo
2678 4398 2913 4487 aliquis
2955 4400 3138 4485 alius,
3169 4424 3282 4487 per
3323 4422 3431 4468 me
3472 4400 3610 4468 vioe

834 4558 958 4604 ssu
982 4537 1247 4605 nomine
1274 4560 1418 4605 meo
1452 4536 1717 4625 aliquod
1748 4537 1860 4625 jus
1904 4537 2171 4605 titulum
2217 4538 2538 4605 olameum
2577 4538 2886 4605 interesse
2929 4560 3046 4605 seu
3087 4538 3478 4607 demandam
3520 4538 3605 4605 de

840 4680 911 4745 et
940 4678 1013 4745 in
1041 4676 1348 4765 prodistis
1373 4676 1736 4764 messuagio
1766 4675 1935 4744 tofto
1978 4680 2046 4743 et
2088 4677 2315 4744 oeteris
2357 4676 2681 4763 premissis
2723 4664 2870 4743 oum
2913 4675 3330 4763 pertinenciis
3372 4698 3492 4743 nee
3533 4676 3608 4743 in

831 4813 1063 4903 aliqua
1111 4812 1268 4882 inde
1314 4812 1597 4903 paroella
1645 4812 1727 4881 de
1771 4816 1979 4881 setes-o
2022 4814 2282 4902 exigere
2333 4814 2610 4882 olamare
2661 4815 3050 4882 demandare
3097 4836 3211 4880 seu
3264 4814 3607 4881 vendicare
