<?xml version="1.0" encoding="UTF-8"?>
<!DOCTYPE html PUBLIC "-//W3C//DTD XHTML 1.0 Transitional//EN"
    "http://www.w3.org/TR/xhtml1/DTD/xhtml1-transitional.dtd">
<html xmlns="http://www.w3.org/1999/xhtml" xml:lang="en" lang="en">
 <head>
  <title>
</title>
<meta http-equiv="Content-Type" content="text/html;charset=utf-8" />
  <meta name='ocr-system' content='tesseract 3.04.00' />
  <meta name='ocr-capabilities' content='ocr_page ocr_carea ocr_par ocr_line ocrx_word'/>
</head>
<body>
  <div class='ocr_page' id='page_1' title='image "./cartetaliamunim00diogoog_0072.png"; bbox 0 0 4418 5888; ppageno 0'>
   <div class='ocr_carea' id='block_1_1' title="bbox 945 645 1032 714">
    <p class='ocr_par' dir='ltr' id='par_1_1' title="bbox 945 645 1032 714">
     <span class='ocr_line' id='line_1_1' title="bbox 945 645 1032 714; baseline 0 0"><span class='ocrx_word' id='word_1_1' title='bbox 945 645 1032 714; x_wconf 83' lang='lat'>48</span> 
     </span>
    </p>
   </div>
   <div class='ocr_carea' id='block_1_2' title="bbox 849 957 3605 3281">
    <p class='ocr_par' dir='ltr' id='par_1_2' title="bbox 849 957 3605 3281">
     <span class='ocr_line' id='line_1_2' title="bbox 849 957 3601 1050; baseline 0 -22"><span class='ocrx_word' id='word_1_2' title='bbox 849 964 1072 1028; x_wconf 82' lang='lat' dir='ltr'>teneat</span> <span class='ocrx_word' id='word_1_3' title='bbox 1127 960 1376 1028; x_wconf 80' lang='lat' dir='ltr'>seldam</span> <span class='ocrx_word' id='word_1_4' title='bbox 1432 963 1722 1050; x_wconf 81' lang='lat' dir='ltr'>apertam</span> <span class='ocrx_word' id='word_1_5' title='bbox 1767 961 1850 1030; x_wconf 89' lang='lat' dir='ltr'>de</span> <span class='ocrx_word' id='word_1_6' title='bbox 1891 959 2219 1048; x_wconf 75' lang='lat' dir='ltr'>aliquibus</span> <span class='ocrx_word' id='word_1_7' title='bbox 2258 958 2719 1028; x_wconf 78' lang='lat' dir='ltr'>memhandisis</span> <span class='ocrx_word' id='word_1_8' title='bbox 2760 983 2881 1028; x_wconf 89' lang='lat' dir='ltr'>nec</span> <span class='ocrx_word' id='word_1_9' title='bbox 2918 959 3259 1028; x_wconf 71' lang='lat' dir='ltr'>tabernam</span> <span class='ocrx_word' id='word_1_10' title='bbox 3300 981 3421 1026; x_wconf 89' lang='lat' dir='ltr'>nec</span> <span class='ocrx_word' id='word_1_11' title='bbox 3460 957 3601 1028; x_wconf 76' lang='lat' dir='ltr'>corf</span> 
     </span>
     <span class='ocr_line' id='line_1_3' title="bbox 850 1095 3603 1188; baseline 0.001 -24"><span class='ocrx_word' id='word_1_12' title='bbox 850 1097 1042 1164; x_wconf 79' lang='lat' dir='ltr'>faciet</span> <span class='ocrx_word' id='word_1_13' title='bbox 1084 1097 1156 1164; x_wconf 92' lang='lat' dir='ltr'>in</span> <span class='ocrx_word' id='word_1_14' title='bbox 1199 1097 1359 1166; x_wconf 84' lang='lat' dir='ltr'>villa</span> <span class='ocrx_word' id='word_1_15' title='bbox 1399 1102 1622 1166; x_wconf 86' lang='lat' dir='ltr'>nostra</span> <span class='ocrx_word' id='word_1_16' title='bbox 1663 1097 1954 1188; x_wconf 86' lang='lat' dir='ltr'>predicta</span> <span class='ocrx_word' id='word_1_17' title='bbox 1994 1097 2123 1166; x_wconf 84' lang='lat' dir='ltr'>nisi</span> <span class='ocrx_word' id='word_1_18' title='bbox 2165 1097 2365 1166; x_wconf 78' lang='lat' dir='ltr'>fuerit</span> <span class='ocrx_word' id='word_1_19' title='bbox 2399 1120 2547 1166; x_wconf 87' lang='lat' dir='ltr'>cum</span> <span class='ocrx_word' id='word_1_20' title='bbox 2574 1097 2879 1186; x_wconf 78' lang='lat' dir='ltr'>predictis</span> <span class='ocrx_word' id='word_1_21' title='bbox 2905 1095 3337 1186; x_wconf 81' lang='lat' dir='ltr'>burgensibus</span> <span class='ocrx_word' id='word_1_22' title='bbox 3362 1096 3603 1166; x_wconf 78' lang='lat' dir='ltr'>nostris</span> 
     </span>
     <span class='ocr_line' id='line_1_4' title="bbox 849 1234 3371 1324; baseline -0.002 -19"><span class='ocrx_word' id='word_1_23' title='bbox 849 1235 1092 1312; x_wconf 66' lang='lat' dir='ltr'>letatus</span> <span class='ocrx_word' id='word_1_24' title='bbox 1132 1239 1202 1316; x_wconf 82' lang='lat' dir='ltr'>et</span> <span class='ocrx_word' id='word_1_25' title='bbox 1243 1239 1559 1304; x_wconf 85' lang='lat' dir='ltr'>escotatus</span> <span class='ocrx_word' id='word_1_26' title='bbox 1600 1241 1668 1304; x_wconf 89' lang='lat' dir='ltr'>et</span> <span class='ocrx_word' id='word_1_27' title='bbox 1711 1235 1888 1304; x_wconf 74' lang='lat' dir='ltr'>infra</span> <span class='ocrx_word' id='word_1_28' title='bbox 1927 1235 2200 1324; x_wconf 77' lang='lat' dir='ltr'>guidam</span> <span class='ocrx_word' id='word_1_29' title='bbox 2242 1234 2697 1306; x_wconf 65' lang='lat' dir='ltr'>mercatoriam</span> <span class='ocrx_word' id='word_1_30' title='bbox 2736 1234 3025 1323; x_wconf 87' lang='lat' dir='ltr'>ipsorum</span> <span class='ocrx_word' id='word_1_31' title='bbox 3064 1239 3371 1323; x_wconf 87' lang='lat' dir='ltr'>receptus.</span> 
     </span>
     <span class='ocr_line' id='line_1_5' title="bbox 942 1395 3601 1486; baseline 0 -23"><span class='ocrx_word' id='word_1_32' title='bbox 942 1395 1217 1464; x_wconf 87' lang='lat' dir='ltr'>Necnon</span> <span class='ocrx_word' id='word_1_33' title='bbox 1245 1399 1668 1466; x_wconf 73' lang='lat' dir='ltr'><strong>concessimus</strong></span> <span class='ocrx_word' id='word_1_34' title='bbox 1693 1396 1936 1466; x_wconf 89' lang='lat' dir='ltr'>eisdem</span> <span class='ocrx_word' id='word_1_35' title='bbox 1963 1397 2395 1486; x_wconf 75' lang='lat' dir='ltr'>burgensibus</span> <span class='ocrx_word' id='word_1_36' title='bbox 2420 1397 2657 1465; x_wconf 83' lang='lat' dir='ltr'>nostris</span> <span class='ocrx_word' id='word_1_37' title='bbox 2696 1398 2872 1486; x_wconf 90' lang='lat' dir='ltr'>quod</span> <span class='ocrx_word' id='word_1_38' title='bbox 2914 1397 3039 1486; x_wconf 89' lang='lat' dir='ltr'>ipsi</span> <span class='ocrx_word' id='word_1_39' title='bbox 3080 1403 3147 1464; x_wconf 86' lang='lat' dir='ltr'>et</span> <span class='ocrx_word' id='word_1_40' title='bbox 3188 1395 3456 1465; x_wconf 84' lang='lat' dir='ltr'>heredes</span> <span class='ocrx_word' id='word_1_41' title='bbox 3496 1395 3601 1464; x_wconf 84' lang='lat' dir='ltr'>sui</span> 
     </span>
     <span class='ocr_line' id='line_1_6' title="bbox 853 1534 3602 1625; baseline 0 -23"><span class='ocrx_word' id='word_1_42' title='bbox 853 1535 1124 1622; x_wconf 76' lang='lat' dir='ltr'>gulde-m</span> <span class='ocrx_word' id='word_1_43' title='bbox 1167 1535 1342 1602; x_wconf 88' lang='lat' dir='ltr'>inter</span> <span class='ocrx_word' id='word_1_44' title='bbox 1385 1557 1494 1603; x_wconf 84' lang='lat' dir='ltr'>eos</span> <span class='ocrx_word' id='word_1_45' title='bbox 1526 1537 1734 1604; x_wconf 77' lang='lat' dir='ltr'>facere</span> <span class='ocrx_word' id='word_1_46' title='bbox 1775 1536 2026 1624; x_wconf 85' lang='lat' dir='ltr'>possint</span> <span class='ocrx_word' id='word_1_47' title='bbox 2054 1559 2184 1624; x_wconf 91' lang='lat' dir='ltr'>quo</span> <span class='ocrx_word' id='word_1_48' title='bbox 2212 1539 2503 1625; x_wconf 88' lang='lat' dir='ltr'>tempore</span> <span class='ocrx_word' id='word_1_49' title='bbox 2528 1540 2599 1603; x_wconf 88' lang='lat' dir='ltr'>et</span> <span class='ocrx_word' id='word_1_50' title='bbox 2622 1536 3135 1624; x_wconf 72' lang='lat' dir='ltr'>quandocunque</span> <span class='ocrx_word' id='word_1_51' title='bbox 3164 1534 3489 1602; x_wconf 83' lang='lat' dir='ltr'>voluerint</span> <span class='ocrx_word' id='word_1_52' title='bbox 3514 1534 3602 1602; x_wconf 67' lang='lat' dir='ltr'>ed</span> 
     </span>
     <span class='ocr_line' id='line_1_7' title="bbox 853 1671 3602 1762; baseline 0 -24"><span class='ocrx_word' id='word_1_53' title='bbox 853 1671 1213 1759; x_wconf 75' lang='lat' dir='ltr'>proficuum</span> <span class='ocrx_word' id='word_1_54' title='bbox 1239 1673 1544 1762; x_wconf 87' lang='lat' dir='ltr'>ipsorum.</span> <span class='ocrx_word' id='word_1_55' title='bbox 1636 1673 1732 1741; x_wconf 76' lang='lat' dir='ltr'>Et</span> <span class='ocrx_word' id='word_1_56' title='bbox 1769 1675 1945 1760; x_wconf 86' lang='lat' dir='ltr'>quod</span> <span class='ocrx_word' id='word_1_57' title='bbox 1973 1673 2279 1762; x_wconf 73' lang='lat' dir='ltr'><strong>distringi</strong></span> <span class='ocrx_word' id='word_1_58' title='bbox 2313 1697 2446 1742; x_wconf 91' lang='lat' dir='ltr'>non</span> <span class='ocrx_word' id='word_1_59' title='bbox 2476 1672 2755 1741; x_wconf 85' lang='lat' dir='ltr'>debeant</span> <span class='ocrx_word' id='word_1_60' title='bbox 2780 1695 2901 1761; x_wconf 92' lang='lat' dir='ltr'>pro</span> <span class='ocrx_word' id='word_1_61' title='bbox 2923 1672 3141 1740; x_wconf 80' lang='lat' dir='ltr'>debito</span> <span class='ocrx_word' id='word_1_62' title='bbox 3169 1672 3447 1760; x_wconf 80' lang='lat' dir='ltr'>alicujus</span> <span class='ocrx_word' id='word_1_63' title='bbox 3472 1671 3602 1739; x_wconf 85' lang='lat' dir='ltr'>nisi</span> 
     </span>
     <span class='ocr_line' id='line_1_8' title="bbox 857 1808 3603 1900; baseline 0 -24"><span class='ocrx_word' id='word_1_64' title='bbox 857 1808 1180 1877; x_wconf 73' lang='lat' dir='ltr'>debitores</span> <span class='ocrx_word' id='word_1_65' title='bbox 1237 1814 1354 1876; x_wconf 85' lang='lat' dir='ltr'>aut</span> <span class='ocrx_word' id='word_1_66' title='bbox 1408 1811 1613 1900; x_wconf 88' lang='lat' dir='ltr'>plegii</span> <span class='ocrx_word' id='word_1_67' title='bbox 1668 1835 1788 1900; x_wconf 87' lang='lat' dir='ltr'>pro</span> <span class='ocrx_word' id='word_1_68' title='bbox 1845 1812 2072 1880; x_wconf 89' lang='lat' dir='ltr'>ecdem</span> <span class='ocrx_word' id='word_1_69' title='bbox 2129 1811 2395 1879; x_wconf 76' lang='lat' dir='ltr'>fuerint.</span> <span class='ocrx_word' id='word_1_70' title='bbox 2496 1809 2592 1878; x_wconf 89' lang='lat' dir='ltr'>Et</span> <span class='ocrx_word' id='word_1_71' title='bbox 2648 1812 2825 1899; x_wconf 88' lang='lat' dir='ltr'>quod</span> <span class='ocrx_word' id='word_1_72' title='bbox 2878 1812 3101 1879; x_wconf 84' lang='lat' dir='ltr'>nullus</span> <span class='ocrx_word' id='word_1_73' title='bbox 3152 1810 3433 1878; x_wconf 82' lang='lat' dir='ltr'>ballivus</span> <span class='ocrx_word' id='word_1_74' title='bbox 3486 1831 3603 1876; x_wconf 84' lang='lat' dir='ltr'>seu</span> 
     </span>
     <span class='ocr_line' id='line_1_9' title="bbox 853 1945 3602 2016; baseline 0.001 -4"><span class='ocrx_word' id='word_1_75' title='bbox 853 1945 1152 2012; x_wconf 73' lang='lat' dir='ltr'><strong>minister</strong></span> <span class='ocrx_word' id='word_1_76' title='bbox 1178 1951 1397 2014; x_wconf 89' lang='lat' dir='ltr'>noster</span> <span class='ocrx_word' id='word_1_77' title='bbox 1424 1948 1632 2014; x_wconf 91' lang='lat' dir='ltr'>colore</span> <span class='ocrx_word' id='word_1_78' title='bbox 1658 1947 1925 2016; x_wconf 77' lang='lat' dir='ltr'>ballivis</span> <span class='ocrx_word' id='word_1_79' title='bbox 1965 1970 2080 2016; x_wconf 89' lang='lat' dir='ltr'>sue</span> <span class='ocrx_word' id='word_1_80' title='bbox 2123 1948 2661 2016; x_wconf 85' lang='lat' dir='ltr'>summoniciones</span> <span class='ocrx_word' id='word_1_81' title='bbox 2703 1971 2817 2016; x_wconf 89' lang='lat' dir='ltr'>sue</span> <span class='ocrx_word' id='word_1_82' title='bbox 2859 1949 3364 2016; x_wconf 78' lang='lat' dir='ltr'>attechiamenta</span> <span class='ocrx_word' id='word_1_83' title='bbox 3405 1946 3602 2015; x_wconf 70' lang='lat' dir='ltr'>faciet</span> 
     </span>
     <span class='ocr_line' id='line_1_10' title="bbox 855 2084 3603 2178; baseline 0.001 -27"><span class='ocrx_word' id='word_1_84' title='bbox 855 2108 976 2152; x_wconf 91' lang='lat' dir='ltr'>nec</span> <span class='ocrx_word' id='word_1_85' title='bbox 1024 2085 1196 2152; x_wconf 78' lang='lat' dir='ltr'>infre</span> <span class='ocrx_word' id='word_1_86' title='bbox 1237 2086 1490 2154; x_wconf 80' lang='lat' dir='ltr'>bundas</span> <span class='ocrx_word' id='word_1_87' title='bbox 1532 2087 1850 2175; x_wconf 83' lang='lat' dir='ltr'>predictas</span> <span class='ocrx_word' id='word_1_88' title='bbox 1893 2089 2329 2157; x_wconf 86' lang='lat' dir='ltr'>districciones</span> <span class='ocrx_word' id='word_1_89' title='bbox 2371 2089 2581 2178; x_wconf 84' lang='lat' dir='ltr'>capiet</span> <span class='ocrx_word' id='word_1_90' title='bbox 2622 2090 2750 2157; x_wconf 89' lang='lat' dir='ltr'>nisi</span> <span class='ocrx_word' id='word_1_91' title='bbox 2792 2093 3051 2156; x_wconf 78' lang='lat' dir='ltr'>tentum</span> <span class='ocrx_word' id='word_1_92' title='bbox 3094 2084 3603 2154; x_wconf 69' lang='lat' dir='ltr'>constabularius</span> 
     </span>
     <span class='ocr_line' id='line_1_11' title="bbox 855 2223 3597 2316; baseline 0 -26"><span class='ocrx_word' id='word_1_93' title='bbox 855 2223 1182 2310; x_wconf 80' lang='lat' dir='ltr'>predictus</span> <span class='ocrx_word' id='word_1_94' title='bbox 1233 2229 1299 2291; x_wconf 91' lang='lat' dir='ltr'>et</span> <span class='ocrx_word' id='word_1_95' title='bbox 1349 2223 1576 2292; x_wconf 82' lang='lat' dir='ltr'>ballivi</span> <span class='ocrx_word' id='word_1_96' title='bbox 1624 2225 1685 2314; x_wconf 81' lang='lat' dir='ltr'>ej</span> <span class='ocrx_word' id='word_1_97' title='bbox 1695 2227 1918 2293; x_wconf 84' lang='lat' dir='ltr'>nedem</span> <span class='ocrx_word' id='word_1_98' title='bbox 1969 2227 2124 2294; x_wconf 85' lang='lat' dir='ltr'>ville</span> <span class='ocrx_word' id='word_1_99' title='bbox 2168 2228 2285 2314; x_wconf 86' lang='lat' dir='ltr'>qui</span> <span class='ocrx_word' id='word_1_100' title='bbox 2326 2251 2444 2315; x_wconf 88' lang='lat' dir='ltr'>per</span> <span class='ocrx_word' id='word_1_101' title='bbox 2489 2228 2662 2316; x_wconf 85' lang='lat' dir='ltr'>ipsos</span> <span class='ocrx_word' id='word_1_102' title='bbox 2702 2227 3057 2315; x_wconf 84' lang='lat' dir='ltr'>burgenses</span> <span class='ocrx_word' id='word_1_103' title='bbox 3098 2225 3286 2293; x_wconf 83' lang='lat' dir='ltr'>electi</span> <span class='ocrx_word' id='word_1_104' title='bbox 3330 2224 3597 2292; x_wconf 81' lang='lat' dir='ltr'>fuerint.</span> 
     </span>
     <span class='ocr_line' id='line_1_12' title="bbox 857 2359 3605 2454; baseline 0 -26"><span class='ocrx_word' id='word_1_105' title='bbox 857 2359 1137 2448; x_wconf 76' lang='lat' dir='ltr'>Insuper</span> <span class='ocrx_word' id='word_1_106' title='bbox 1191 2363 1614 2430; x_wconf 68' lang='lat' dir='ltr'>concessimus</span> <span class='ocrx_word' id='word_1_107' title='bbox 1667 2364 1934 2451; x_wconf 70' lang='lat' dir='ltr'>prefatis</span> <span class='ocrx_word' id='word_1_108' title='bbox 1981 2363 2415 2454; x_wconf 78' lang='lat' dir='ltr'>burgensibus</span> <span class='ocrx_word' id='word_1_109' title='bbox 2463 2367 2701 2433; x_wconf 85' lang='lat' dir='ltr'>nostris</span> <span class='ocrx_word' id='word_1_110' title='bbox 2740 2365 2914 2452; x_wconf 89' lang='lat' dir='ltr'>quod</span> <span class='ocrx_word' id='word_1_111' title='bbox 2958 2385 3181 2431; x_wconf 87' lang='lat' dir='ltr'>omnes</span> <span class='ocrx_word' id='word_1_112' title='bbox 3222 2367 3605 2430; x_wconf 68' lang='lat' dir='ltr'>mercatores</span> 
     </span>
     <span class='ocr_line' id='line_1_13' title="bbox 857 2498 3604 2590; baseline 0 -24"><span class='ocrx_word' id='word_1_113' title='bbox 857 2501 998 2566; x_wconf 81' lang='lat' dir='ltr'>tam</span> <span class='ocrx_word' id='word_1_114' title='bbox 1053 2499 1356 2586; x_wconf 81' lang='lat' dir='ltr'>pannarii</span> <span class='ocrx_word' id='word_1_115' title='bbox 1411 2501 1716 2568; x_wconf 87' lang='lat' dir='ltr'>cerdones</span> <span class='ocrx_word' id='word_1_116' title='bbox 1757 2501 2082 2590; x_wconf 71' lang='lat' dir='ltr'>pelliparii</span> <span class='ocrx_word' id='word_1_117' title='bbox 2137 2509 2205 2570; x_wconf 91' lang='lat' dir='ltr'>et</span> <span class='ocrx_word' id='word_1_118' title='bbox 2256 2503 2611 2572; x_wconf 65' lang='lat' dir='ltr'>ciroteca-ii</span> <span class='ocrx_word' id='word_1_119' title='bbox 2664 2525 2862 2590; x_wconf 84' lang='lat' dir='ltr'>quam</span> <span class='ocrx_word' id='word_1_120' title='bbox 2908 2501 3023 2568; x_wconf 87' lang='lat' dir='ltr'>elii</span> <span class='ocrx_word' id='word_1_121' title='bbox 3071 2500 3309 2567; x_wconf 84' lang='lat' dir='ltr'>diversi</span> <span class='ocrx_word' id='word_1_122' title='bbox 3352 2498 3471 2587; x_wconf 88' lang='lat' dir='ltr'>qui</span> <span class='ocrx_word' id='word_1_123' title='bbox 3518 2521 3604 2567; x_wconf 82' lang='lat' dir='ltr'>ex</span> 
     </span>
     <span class='ocr_line' id='line_1_14' title="bbox 857 2626 3605 2724; baseline 0 -20"><span class='ocrx_word' id='word_1_124' title='bbox 857 2636 1189 2724; x_wconf 88' lang='lat' dir='ltr'>empcione</span> <span class='ocrx_word' id='word_1_125' title='bbox 1218 2643 1285 2704; x_wconf 88' lang='lat' dir='ltr'>et</span> <span class='ocrx_word' id='word_1_126' title='bbox 1311 2638 1690 2706; x_wconf 85' lang='lat' dir='ltr'>vendicione</span> <span class='ocrx_word' id='word_1_127' title='bbox 1717 2639 1943 2706; x_wconf 80' lang='lat' dir='ltr'>vivent</span> <span class='ocrx_word' id='word_1_128' title='bbox 1983 2640 2160 2708; x_wconf 78' lang='lat' dir='ltr'>infra</span> <span class='ocrx_word' id='word_1_129' title='bbox 2203 2626 2565 2708; x_wconf 88' lang='lat' dir='ltr'>dominium</span> <span class='ocrx_word' id='word_1_130' title='bbox 2608 2645 2903 2708; x_wconf 85' lang='lat' dir='ltr'>nostrum</span> <span class='ocrx_word' id='word_1_131' title='bbox 2946 2638 3492 2706; x_wconf 69' lang='lat' dir='ltr'>Gmoncmcm</span> <span class='ocrx_word' id='word_1_132' title='bbox 3536 2639 3605 2705; x_wconf 90' lang='lat' dir='ltr'>et</span> 
     </span>
     <span class='ocr_line' id='line_1_15' title="bbox 857 2773 3605 2868; baseline -0.001 -23"><span class='ocrx_word' id='word_1_133' title='bbox 857 2773 1275 2846; x_wconf 51' lang='lat' dir='ltr'>Hominem</span> <span class='ocrx_word' id='word_1_134' title='bbox 1304 2776 1580 2844; x_wconf 64' lang='lat' dir='ltr'>reddere</span> <span class='ocrx_word' id='word_1_135' title='bbox 1609 2777 1887 2846; x_wconf 89' lang='lat' dir='ltr'>debeant</span> <span class='ocrx_word' id='word_1_136' title='bbox 1931 2779 2004 2846; x_wconf 90' lang='lat' dir='ltr'>in</span> <span class='ocrx_word' id='word_1_137' title='bbox 2047 2779 2223 2846; x_wconf 87' lang='lat' dir='ltr'>villis</span> <span class='ocrx_word' id='word_1_138' title='bbox 2264 2780 2345 2846; x_wconf 90' lang='lat' dir='ltr'>de</span> <span class='ocrx_word' id='word_1_139' title='bbox 2386 2778 2603 2868; x_wconf 86' lang='lat' dir='ltr'>burgh</span> <span class='ocrx_word' id='word_1_140' title='bbox 2646 2786 2715 2847; x_wconf 87' lang='lat' dir='ltr'>et</span> <span class='ocrx_word' id='word_1_141' title='bbox 2754 2801 2889 2847; x_wconf 91' lang='lat' dir='ltr'>non</span> <span class='ocrx_word' id='word_1_142' title='bbox 2932 2778 3199 2865; x_wconf 81' lang='lat' dir='ltr'>upland.</span> <span class='ocrx_word' id='word_1_143' title='bbox 3291 2777 3385 2844; x_wconf 87' lang='lat' dir='ltr'>Et</span> <span class='ocrx_word' id='word_1_144' title='bbox 3426 2775 3605 2864; x_wconf 91' lang='lat' dir='ltr'>quod</span> 
     </span>
     <span class='ocr_line' id='line_1_16' title="bbox 857 2914 3603 3004; baseline -0.001 -21"><span class='ocrx_word' id='word_1_145' title='bbox 857 2916 1260 2985; x_wconf 82' lang='lat' dir='ltr'>omnimodas</span> <span class='ocrx_word' id='word_1_146' title='bbox 1288 2917 1764 2985; x_wconf 85' lang='lat' dir='ltr'>merchandisss</span> <span class='ocrx_word' id='word_1_147' title='bbox 1791 2919 2036 2986; x_wconf 81' lang='lat' dir='ltr'>faciant</span> <span class='ocrx_word' id='word_1_148' title='bbox 2064 2917 2136 2986; x_wconf 91' lang='lat' dir='ltr'>in</span> <span class='ocrx_word' id='word_1_149' title='bbox 2163 2918 2479 2986; x_wconf 88' lang='lat' dir='ltr'>nundinis</span> <span class='ocrx_word' id='word_1_150' title='bbox 2504 2919 2659 2986; x_wconf 83' lang='lat' dir='ltr'>foris</span> <span class='ocrx_word' id='word_1_151' title='bbox 2698 2922 2765 2985; x_wconf 90' lang='lat' dir='ltr'>et</span> <span class='ocrx_word' id='word_1_152' title='bbox 2806 2917 2981 2985; x_wconf 80' lang='lat' dir='ltr'>villis</span> <span class='ocrx_word' id='word_1_153' title='bbox 3018 2917 3101 2983; x_wconf 91' lang='lat' dir='ltr'>de</span> <span class='ocrx_word' id='word_1_154' title='bbox 3144 2914 3314 3004; x_wconf 84' lang='lat' dir='ltr'>burg</span> <span class='ocrx_word' id='word_1_155' title='bbox 3356 2917 3425 2981; x_wconf 87' lang='lat' dir='ltr'>et</span> <span class='ocrx_word' id='word_1_156' title='bbox 3467 2935 3603 2982; x_wconf 88' lang='lat' dir='ltr'>non</span> 
     </span>
     <span class='ocr_line' id='line_1_17' title="bbox 857 3051 3603 3136; baseline 0 -17"><span class='ocrx_word' id='word_1_157' title='bbox 857 3052 1034 3136; x_wconf 64' lang='lat' dir='ltr'>alibi.</span> <span class='ocrx_word' id='word_1_158' title='bbox 1124 3052 1218 3119; x_wconf 81' lang='lat' dir='ltr'>Et</span> <span class='ocrx_word' id='word_1_159' title='bbox 1278 3053 1480 3119; x_wconf 83' lang='lat' dir='ltr'>eciam</span> <span class='ocrx_word' id='word_1_160' title='bbox 1539 3076 1762 3121; x_wconf 85' lang='lat' dir='ltr'>omnes</span> <span class='ocrx_word' id='word_1_161' title='bbox 1819 3062 2202 3123; x_wconf 79' lang='lat' dir='ltr'>mercatores</span> <span class='ocrx_word' id='word_1_162' title='bbox 2260 3078 2409 3123; x_wconf 89' lang='lat' dir='ltr'>cum</span> <span class='ocrx_word' id='word_1_163' title='bbox 2464 3078 2689 3123; x_wconf 89' lang='lat' dir='ltr'>eorum</span> <span class='ocrx_word' id='word_1_164' title='bbox 2744 3054 3207 3122; x_wconf 84' lang='lat' dir='ltr'>merchandisis</span> <span class='ocrx_word' id='word_1_165' title='bbox 3262 3051 3419 3120; x_wconf 87' lang='lat' dir='ltr'>alibi</span> <span class='ocrx_word' id='word_1_166' title='bbox 3468 3072 3603 3119; x_wconf 87' lang='lat' dir='ltr'>non</span> 
     </span>
     <span class='ocr_line' id='line_1_18' title="bbox 857 3190 3605 3281; baseline 0 -25"><span class='ocrx_word' id='word_1_167' title='bbox 857 3194 1194 3257; x_wconf 82' lang='lat' dir='ltr'>transeant</span> <span class='ocrx_word' id='word_1_168' title='bbox 1222 3212 1420 3276; x_wconf 75' lang='lat' dir='ltr'>quam</span> <span class='ocrx_word' id='word_1_169' title='bbox 1447 3214 1564 3279; x_wconf 88' lang='lat' dir='ltr'>per</span> <span class='ocrx_word' id='word_1_170' title='bbox 1589 3190 1840 3278; x_wconf 85' lang='lat' dir='ltr'>regales</span> <span class='ocrx_word' id='word_1_171' title='bbox 1867 3192 2040 3259; x_wconf 83' lang='lat' dir='ltr'>vicos</span> <span class='ocrx_word' id='word_1_172' title='bbox 2070 3198 2136 3259; x_wconf 85' lang='lat' dir='ltr'>et</span> <span class='ocrx_word' id='word_1_173' title='bbox 2165 3210 2281 3279; x_wconf 87' lang='lat' dir='ltr'>per</span> <span class='ocrx_word' id='word_1_174' title='bbox 2310 3193 2498 3260; x_wconf 80' lang='lat' dir='ltr'>villas</span> <span class='ocrx_word' id='word_1_175' title='bbox 2524 3194 2607 3261; x_wconf 94' lang='lat' dir='ltr'>de</span> <span class='ocrx_word' id='word_1_176' title='bbox 2634 3192 2869 3281; x_wconf 86' lang='lat' dir='ltr'>burgh.</span> <span class='ocrx_word' id='word_1_177' title='bbox 2961 3191 3074 3259; x_wconf 81' lang='lat' dir='ltr'>Ita</span> <span class='ocrx_word' id='word_1_178' title='bbox 3111 3192 3285 3279; x_wconf 90' lang='lat' dir='ltr'>quod</span> <span class='ocrx_word' id='word_1_179' title='bbox 3324 3213 3444 3257; x_wconf 86' lang='lat' dir='ltr'>nos</span> <span class='ocrx_word' id='word_1_180' title='bbox 3485 3212 3605 3258; x_wconf 90' lang='lat' dir='ltr'>nec</span> 
     </span>
    </p>
   </div>
   <div class='ocr_carea' id='block_1_3' title="bbox 859 3326 3604 3554">
    <p class='ocr_par' dir='ltr' id='par_1_3' title="bbox 859 3326 3604 3554">
     <span class='ocr_line' id='line_1_19' title="bbox 859 3326 3604 3418; baseline 0 -23"><span class='ocrx_word' id='word_1_181' title='bbox 859 3326 1126 3395; x_wconf 87' lang='lat' dir='ltr'>heredes</span> <span class='ocrx_word' id='word_1_182' title='bbox 1153 3328 1358 3394; x_wconf 87' lang='lat' dir='ltr'>nostri</span> <span class='ocrx_word' id='word_1_183' title='bbox 1385 3328 1708 3397; x_wconf 81' lang='lat' dir='ltr'>tolnetum</span> <span class='ocrx_word' id='word_1_184' title='bbox 1735 3333 2032 3397; x_wconf 88' lang='lat' dir='ltr'>nostrum</span> <span class='ocrx_word' id='word_1_185' title='bbox 2058 3353 2178 3399; x_wconf 90' lang='lat' dir='ltr'>nec</span> <span class='ocrx_word' id='word_1_186' title='bbox 2216 3330 2466 3418; x_wconf 81' lang='lat' dir='ltr'>aliquas</span> <span class='ocrx_word' id='word_1_187' title='bbox 2502 3334 2829 3399; x_wconf 72' lang='lat' dir='ltr'>custumes</span> <span class='ocrx_word' id='word_1_188' title='bbox 2864 3328 3051 3397; x_wconf 86' lang='lat' dir='ltr'>nobis</span> <span class='ocrx_word' id='word_1_189' title='bbox 3092 3328 3345 3397; x_wconf 83' lang='lat' dir='ltr'>debitas</span> <span class='ocrx_word' id='word_1_190' title='bbox 3387 3328 3604 3417; x_wconf 85' lang='lat' dir='ltr'>aliquo</span> 
     </span>
     <span class='ocr_line' id='line_1_20' title="bbox 859 3458 1582 3554; baseline 0 -21"><span class='ocrx_word' id='word_1_191' title='bbox 859 3470 1148 3554; x_wconf 85' lang='lat' dir='ltr'>tempore</span> <span class='ocrx_word' id='word_1_192' title='bbox 1191 3458 1582 3533; x_wconf 76' lang='lat' dir='ltr'>emittamus.</span> 
     </span>
    </p>
   </div>
   <div class='ocr_carea' id='block_1_4' title="bbox 857 3614 3607 3983">
    <p class='ocr_par' dir='ltr' id='par_1_4' title="bbox 857 3614 3607 3983">
     <span class='ocr_line' id='line_1_21' title="bbox 949 3614 3603 3705; baseline -0.001 -22"><span class='ocrx_word' id='word_1_193' title='bbox 949 3615 1042 3683; x_wconf 78' lang='lat' dir='ltr'>Et</span> <span class='ocrx_word' id='word_1_194' title='bbox 1085 3617 1259 3702; x_wconf 89' lang='lat' dir='ltr'>quod</span> <span class='ocrx_word' id='word_1_195' title='bbox 1301 3616 1574 3703; x_wconf 80' lang='lat' dir='ltr'>predicti</span> <span class='ocrx_word' id='word_1_196' title='bbox 1615 3615 1968 3705; x_wconf 85' lang='lat' dir='ltr'>burgenses</span> <span class='ocrx_word' id='word_1_197' title='bbox 2008 3620 2213 3686; x_wconf 88' lang='lat' dir='ltr'>nostri</span> <span class='ocrx_word' id='word_1_198' title='bbox 2264 3642 2383 3686; x_wconf 88' lang='lat' dir='ltr'>nec</span> <span class='ocrx_word' id='word_1_199' title='bbox 2432 3641 2655 3685; x_wconf 88' lang='lat' dir='ltr'>eorum</span> <span class='ocrx_word' id='word_1_200' title='bbox 2711 3616 2977 3685; x_wconf 87' lang='lat' dir='ltr'>heredes</span> <span class='ocrx_word' id='word_1_201' title='bbox 3036 3615 3323 3703; x_wconf 79' lang='lat' dir='ltr'>aliquam</span> <span class='ocrx_word' id='word_1_202' title='bbox 3369 3614 3603 3702; x_wconf 80' lang='lat' dir='ltr'>vigila-</span> 
     </span>
     <span class='ocr_line' id='line_1_22' title="bbox 859 3752 3607 3844; baseline -0.001 -23"><span class='ocrx_word' id='word_1_203' title='bbox 859 3753 1110 3821; x_wconf 89' lang='lat' dir='ltr'>cionem</span> <span class='ocrx_word' id='word_1_204' title='bbox 1148 3752 1392 3821; x_wconf 74' lang='lat' dir='ltr'>faciant</span> <span class='ocrx_word' id='word_1_205' title='bbox 1435 3776 1554 3821; x_wconf 89' lang='lat' dir='ltr'>nec</span> <span class='ocrx_word' id='word_1_206' title='bbox 1596 3753 1880 3841; x_wconf 87' lang='lat' dir='ltr'>aliquem</span> <span class='ocrx_word' id='word_1_207' title='bbox 1923 3755 2283 3844; x_wconf 74' lang='lat' dir='ltr'>fugitivum</span> <span class='ocrx_word' id='word_1_208' title='bbox 2326 3757 2397 3823; x_wconf 88' lang='lat' dir='ltr'>in</span> <span class='ocrx_word' id='word_1_209' title='bbox 2445 3756 2665 3843; x_wconf 79' lang='lat' dir='ltr'>aliqua</span> <span class='ocrx_word' id='word_1_210' title='bbox 2706 3754 2970 3823; x_wconf 82' lang='lat' dir='ltr'>ecclesis.</span> <span class='ocrx_word' id='word_1_211' title='bbox 3010 3752 3378 3821; x_wconf 81' lang='lat' dir='ltr'>custodiant</span> <span class='ocrx_word' id='word_1_212' title='bbox 3420 3757 3607 3819; x_wconf 85' lang='lat' dir='ltr'>extra</span> 
     </span>
     <span class='ocr_line' id='line_1_23' title="bbox 857 3889 1836 3983; baseline 0.002 -26"><span class='ocrx_word' id='word_1_213' title='bbox 857 3911 1080 3957; x_wconf 86' lang='lat' dir='ltr'>muros</span> <span class='ocrx_word' id='word_1_214' title='bbox 1109 3889 1264 3957; x_wconf 83' lang='lat' dir='ltr'>ville</span> <span class='ocrx_word' id='word_1_215' title='bbox 1291 3894 1508 3957; x_wconf 84' lang='lat' dir='ltr'>nostre</span> <span class='ocrx_word' id='word_1_216' title='bbox 1535 3891 1836 3983; x_wconf 84' lang='lat' dir='ltr'>predicte.</span> 
     </span>
    </p>
   </div>
   <div class='ocr_carea' id='block_1_5' title="bbox 862 4038 3613 4403">
    <p class='ocr_par' dir='ltr' id='par_1_5' title="bbox 862 4038 3613 4403">
     <span class='ocr_line' id='line_1_24' title="bbox 949 4038 3609 4131; baseline 0 -24"><span class='ocrx_word' id='word_1_217' title='bbox 949 4038 1390 4107; x_wconf 81' lang='lat' dir='ltr'>Concessimus</span> <span class='ocrx_word' id='word_1_218' title='bbox 1447 4062 1598 4108; x_wconf 84' lang='lat' dir='ltr'>vero</span> <span class='ocrx_word' id='word_1_219' title='bbox 1647 4042 1952 4131; x_wconf 80' lang='lat' dir='ltr'>predictis</span> <span class='ocrx_word' id='word_1_220' title='bbox 2001 4042 2430 4131; x_wconf 85' lang='lat' dir='ltr'>burgensibus</span> <span class='ocrx_word' id='word_1_221' title='bbox 2474 4044 2711 4111; x_wconf 84' lang='lat' dir='ltr'>nostris</span> <span class='ocrx_word' id='word_1_222' title='bbox 2752 4043 2927 4129; x_wconf 91' lang='lat' dir='ltr'>quod</span> <span class='ocrx_word' id='word_1_223' title='bbox 2968 4064 3086 4130; x_wconf 90' lang='lat' dir='ltr'>per</span> <span class='ocrx_word' id='word_1_224' title='bbox 3130 4042 3609 4109; x_wconf 79' lang='lat' dir='ltr'>ordinacionem</span> 
     </span>
     <span class='ocr_line' id='line_1_25' title="bbox 862 4176 3609 4266; baseline 0 -21"><span class='ocrx_word' id='word_1_225' title='bbox 862 4176 1318 4245; x_wconf 73' lang='lat' dir='ltr'>constabularii</span> <span class='ocrx_word' id='word_1_226' title='bbox 1367 4178 1641 4265; x_wconf 86' lang='lat' dir='ltr'>predicti</span> <span class='ocrx_word' id='word_1_227' title='bbox 1686 4180 2126 4249; x_wconf 69' lang='lat' dir='ltr'>ordinacione·</span> <span class='ocrx_word' id='word_1_228' title='bbox 2168 4185 2237 4248; x_wconf 90' lang='lat' dir='ltr'>et</span> <span class='ocrx_word' id='word_1_229' title='bbox 2278 4180 2699 4247; x_wconf 79' lang='lat' dir='ltr'>clemaciones</span> <span class='ocrx_word' id='word_1_230' title='bbox 2738 4180 2939 4247; x_wconf 89' lang='lat' dir='ltr'>libere</span> <span class='ocrx_word' id='word_1_231' title='bbox 2982 4180 3195 4245; x_wconf 80' lang='lat' dir='ltr'>facere</span> <span class='ocrx_word' id='word_1_232' title='bbox 3236 4178 3483 4266; x_wconf 88' lang='lat' dir='ltr'>possint</span> <span class='ocrx_word' id='word_1_233' title='bbox 3525 4180 3609 4245; x_wconf 90' lang='lat' dir='ltr'>de</span> 
     </span>
     <span class='ocr_line' id='line_1_26' title="bbox 863 4272 3613 4403; baseline -0.001 -18"><span class='ocrx_word' id='word_1_234' title='bbox 863 4315 1060 4385; x_wconf 78' lang='lat' dir='ltr'>assisa</span> <span class='ocrx_word' id='word_1_235' title='bbox 1087 4316 1275 4403; x_wconf 84' lang='lat' dir='ltr'>panis</span> <span class='ocrx_word' id='word_1_236' title='bbox 1303 4321 1374 4383; x_wconf 85' lang='lat' dir='ltr'>et</span> <span class='ocrx_word' id='word_1_237' title='bbox 1399 4316 1659 4383; x_wconf 81' lang='lat' dir='ltr'>cervisie</span> <span class='ocrx_word' id='word_1_238' title='bbox 1689 4322 1755 4383; x_wconf 90' lang='lat' dir='ltr'>et</span> <span class='ocrx_word' id='word_1_239' title='bbox 1785 4315 1929 4383; x_wconf 83' lang='lat' dir='ltr'>aliis</span> <span class='ocrx_word' id='word_1_240' title='bbox 1957 4317 2225 4383; x_wconf 86' lang='lat' dir='ltr'>diversis</span> <span class='ocrx_word' id='word_1_241' title='bbox 2260 4316 2455 4383; x_wconf 90' lang='lat' dir='ltr'>rebus</span> <span class='ocrx_word' id='word_1_242' title='bbox 2493 4318 2580 4384; x_wconf 81' lang='lat' dir='ltr'>ad</span> <span class='ocrx_word' id='word_1_243' title='bbox 2622 4318 3025 4384; x_wconf 82' lang='lat' dir='ltr'>voluntatem.</span> <span class='ocrx_word' id='word_1_244' title='bbox 3070 4340 3293 4383; x_wconf 89' lang='lat' dir='ltr'>eorum</span> <span class='ocrx_word' id='word_1_245' title='bbox 3334 4272 3613 4383; x_wconf 69' lang='lat' dir='ltr'>eundem</span> 
     </span>
    </p>
   </div>
   <div class='ocr_carea' id='block_1_6' title="bbox 863 4452 3609 4541">
    <p class='ocr_par' dir='ltr' id='par_1_6' title="bbox 863 4452 3609 4541">
     <span class='ocr_line' id='line_1_27' title="bbox 863 4452 3609 4541; baseline -0.001 -18"><span class='ocrx_word' id='word_1_246' title='bbox 863 4453 1088 4523; x_wconf 79' lang='lat' dir='ltr'>villam</span> <span class='ocrx_word' id='word_1_247' title='bbox 1134 4452 1564 4541; x_wconf 80' lang='lat' dir='ltr'>tangencibus</span> <span class='ocrx_word' id='word_1_248' title='bbox 1613 4452 2126 4539; x_wconf 81' lang='lat' dir='ltr'>quandocunque</span> <span class='ocrx_word' id='word_1_249' title='bbox 2175 4476 2428 4522; x_wconf 85' lang='lat' dir='ltr'>necesse</span> <span class='ocrx_word' id='word_1_250' title='bbox 2478 4456 2675 4523; x_wconf 80' lang='lat' dir='ltr'>fuerit</span> <span class='ocrx_word' id='word_1_251' title='bbox 2722 4455 2808 4522; x_wconf 81' lang='lat' dir='ltr'>sd</span> <span class='ocrx_word' id='word_1_252' title='bbox 2857 4454 3383 4523; x_wconf 86' lang='lat' dir='ltr'>emendacionem</span> <span class='ocrx_word' id='word_1_253' title='bbox 3431 4454 3609 4521; x_wconf 90' lang='lat' dir='ltr'>illius</span> 
     </span>
    </p>
   </div>
   <div class='ocr_carea' id='block_1_7' title="bbox 865 4590 3615 4682">
    <p class='ocr_par' dir='ltr' id='par_1_7' title="bbox 865 4590 3615 4682">
     <span class='ocr_line' id='line_1_28' title="bbox 865 4590 3615 4682; baseline -0 -22"><span class='ocrx_word' id='word_1_254' title='bbox 865 4592 1020 4660; x_wconf 79' lang='lat' dir='ltr'>ville</span> <span class='ocrx_word' id='word_1_255' title='bbox 1048 4596 1116 4659; x_wconf 88' lang='lat' dir='ltr'>et</span> <span class='ocrx_word' id='word_1_256' title='bbox 1144 4591 1504 4679; x_wconf 85' lang='lat' dir='ltr'>proficuum</span> <span class='ocrx_word' id='word_1_257' title='bbox 1531 4590 1758 4677; x_wconf 88' lang='lat' dir='ltr'>populi</span> <span class='ocrx_word' id='word_1_258' title='bbox 1799 4590 2093 4659; x_wconf 84' lang='lat' dir='ltr'>nolentes</span> <span class='ocrx_word' id='word_1_259' title='bbox 2135 4592 2310 4677; x_wconf 90' lang='lat' dir='ltr'>quod</span> <span class='ocrx_word' id='word_1_260' title='bbox 2350 4592 2551 4659; x_wconf 90' lang='lat' dir='ltr'>iidem</span> <span class='ocrx_word' id='word_1_261' title='bbox 2592 4591 2946 4682; x_wconf 84' lang='lat' dir='ltr'>burgenses</span> <span class='ocrx_word' id='word_1_262' title='bbox 2984 4593 3193 4661; x_wconf 86' lang='lat' dir='ltr'>nostri</span> <span class='ocrx_word' id='word_1_263' title='bbox 3234 4593 3366 4660; x_wconf 85' lang='lat' dir='ltr'>sint</span> <span class='ocrx_word' id='word_1_264' title='bbox 3408 4590 3615 4681; x_wconf 82' lang='lat' dir='ltr'>legati</span> 
     </span>
    </p>
   </div>
   <div class='ocr_carea' id='block_1_8' title="bbox 329 5555 4343 5731">
    <p class='ocr_par' dir='ltr' id='par_1_8' title="bbox 329 5555 4343 5731">
     <span class='ocr_line' id='line_1_29' title="bbox 329 5555 4343 5731; baseline 0 157"><span class='ocrx_word' id='word_1_265' title='bbox 329 5555 4343 5731; x_wconf 95' lang='lat' dir='ltr'> </span> 
     </span>
    </p>
   </div>
   <div class='ocr_carea' id='block_1_9' title="bbox 4334 2873 4340 3563">
    <p class='ocr_par' dir='ltr' id='par_1_9' title="bbox 4334 2873 4340 3563">
     <span class='ocr_line' id='line_1_30' title="bbox 4334 2873 4340 3563; baseline 0 0"><span class='ocrx_word' id='word_1_266' title='bbox 4334 2873 4340 3563; x_wconf 95' lang='lat' dir='ltr'> </span> 
     </span>
    </p>
   </div>
   <div class='ocr_carea' id='block_1_10' title="bbox 4334 4288 4340 4945">
    <p class='ocr_par' dir='ltr' id='par_1_10' title="bbox 4334 4288 4340 4945">
     <span class='ocr_line' id='line_1_31' title="bbox 4334 4288 4340 4945; baseline 0 0"><span class='ocrx_word' id='word_1_267' title='bbox 4334 4288 4340 4945; x_wconf 95' lang='lat' dir='ltr'> </span> 
     </span>
    </p>
   </div>
  </div>
 </body>
</html>
