4418 5888
3253 760 3341 830 83

680 1075 804 1146 bus
845 1099 964 1144 seu
988 1097 1210 1142 eorum
1236 1074 1562 1164 legittimo
1591 1075 1985 1163 procuratori
2013 1075 2096 1143 de
2125 1079 2192 1143 et
2220 1098 2409 1162 super
2436 1075 2736 1144 omnibus
2764 1083 2831 1144 et
2858 1077 3133 1164 singulis
3158 1077 3230 1144 in
3258 1077 3441 1144 dicta

683 1214 870 1284 nobis
907 1213 1082 1282 facta
1119 1218 1188 1280 et
1225 1217 1590 1302 presentata
1627 1212 2070 1281 commissione
2103 1213 2421 1280 contentis
2462 1215 2543 1281 de
2585 1213 2842 1300 justitia
2868 1216 3233 1302 responsuri
3260 1239 3334 1282 ac
3362 1216 3435 1284 in

686 1375 876 1422 causa
923 1359 994 1420 et
1037 1351 1242 1420 causis
1286 1349 1664 1439 hujusmodi
1709 1351 1796 1417 ad
1845 1373 2068 1418 omnes
2115 1355 2184 1418 et
2234 1351 2523 1438 singulos
2573 1357 2753 1418 actus
2803 1351 3127 1438 gradatim
3178 1356 3246 1419 et
3296 1375 3441 1418 suc·-

689 1490 924 1558 cessive
969 1494 1039 1557 et
1083 1511 1288 1576 usque
1337 1489 1426 1556 ad
1467 1488 1881 1556 diffinitivam
1927 1487 2315 1555 sententiam
2364 1487 2674 1556 inclusive
2716 1487 2953 1556 debitis
3004 1493 3071 1556 et
3118 1489 3444 1558 consuetis

688 1627 982 1696 terminis
1029 1631 1099 1694 et
1145 1625 1566 1694 dilatiom'bus
1614 1625 2102 1715 precedentibus
2150 1629 2229 1693 ut
2276 1625 2474 1693 moris
2522 1631 2621 1692 est
2670 1628 3021 1712 processuri
3066 1633 3133 1694 et
3178 1627 3438 1714 procedi

688 1765 886 1834 visuri
921 1764 1205 1853 aliasque
1239 1764 1476 1832 dicturi
1511 1763 1750 1831 facturi
1791 1763 2080 1830 audituri
2122 1763 2469 1850 allegaturi
2510 1767 2576 1830 et
2612 1765 2930 1851 recepturi
2969 1766 3145 1850 quod
3181 1764 3439 1852 justitia

689 1901 982 1970 suadebit
1009 1907 1076 1970 et
1103 1903 1258 1970 ordo
1287 1900 1626 1970 dictaverit
1651 1901 1936 1968 rationis.
2015 1899 2455 1968 certificantes
2482 1901 2905 1968 nihilominus
2926 1903 3180 1969 eosdem
3210 1901 3441 1970 citatos

689 2041 864 2126 quod
890 2039 1023 2106 sive
1055 2038 1128 2106 in
1155 2039 1326 2106 dicte
1355 2037 1678 2106 citafionis
1710 2037 1988 2105 termino
2021 2041 2098 2105 ut
2131 2037 2513 2125 premissum
2548 2043 2645 2106 est
2679 2061 3043 2126 comparere
3074 2041 3439 2108 curaverint

689 2177 822 2246 sive
848 2199 1000 2244 non.
1089 2175 1232 2244 Nos
1257 2175 1680 2242 nihilominus
1706 2178 1824 2242 aut
1850 2174 2062 2242 dictus
2087 2173 2309 2242 forsan
2334 2174 2473 2241 loco
2494 2174 2697 2242 nostri
2724 2179 3161 2264 sim-ogandus
3180 2177 3441 2244 auditor

689 2314 760 2382 in
793 2337 984 2382 causa
1019 2320 1086 2381 et
1119 2314 1324 2380 causis
1357 2312 1737 2402 hujusmodi
1770 2313 1857 2379 ad
1897 2315 2112 2399 partes
2145 2333 2360 2378 coram
2393 2309 2580 2380 nobis
2614 2318 3051 2400 comparentes
3085 2319 3153 2381 et
3180 2337 3439 2381 causam

687 2475 799 2520 seu
843 2475 1064 2520 causas
1107 2450 1486 2539 hujusmodi
1531 2449 1830 2538 prosequi
1873 2449 2162 2516 volentes
2205 2448 2586 2516 instantiam
2632 2451 2719 2516 ad
2762 2451 3069 2537 premissa
3113 2453 3332 2519 omnia
3372 2455 3439 2520 et

689 2589 948 2677 singula
991 2593 1185 2677 prout
1233 2589 1486 2677 justum
1527 2588 1728 2656 suerit
1771 2589 2186 2676 procedemus
2232 2609 2345 2654 seu
2386 2589 2689 2674 procedet
2730 2588 3050 2656 dictorum
3096 2589 3441 2658 citatorum

688 2725 976 2796 absentia
1031 2749 1148 2794 seu
1203 2725 1603 2794 contumacia
1659 2725 1730 2792 in
1782 2726 2000 2812 aliquo
2051 2748 2183 2791 non
2235 2723 2548 2793 obstante.
2658 2725 2853 2793 Diem
2911 2751 3061 2794 vero
3118 2728 3447 2797 citationis

687 2864 1062 2953 hujusmodi
1091 2871 1286 2953 atque
1312 2865 1592 2933 formam
1620 2870 1687 2933 et
1715 2865 2022 2953 quioquid
2050 2864 2121 2931 in
2160 2863 2485 2953 premissis
2511 2863 2792 2930 feceritis
2820 2887 2935 2932 seu
2960 2865 3125 2932 alter
3152 2871 3441 2934 vestrum

689 3004 911 3073 feeerit
937 3003 1124 3073 nobis
1149 3027 1266 3091 per
1292 3008 1535 3071 vestras
1568 3008 1862 3091 patentes
1894 3003 2145 3070 litteras
2172 3006 2289 3069 aut
2314 3002 2819 3069 instrumentum
2844 3002 3177 3091 publicum
3204 3004 3441 3073 harum

688 3140 1050 3209 litterarum
1111 3146 1476 3209 nostrarum
1545 3141 1772 3209 seriem
1837 3164 1950 3207 seu
2007 3140 2521 3227 designationem
2578 3138 2649 3205 in
2708 3162 2775 3207 se
2832 3140 3270 3208 continentem
3326 3166 3443 3209 seu

688 3280 1019 3347 continens
1043 3278 1324 3345 remissis
1347 3276 1752 3366 presentibus
1779 3276 2056 3344 fideliter
2081 3276 2384 3343 intimare
2417 3276 2667 3343 curetis.
2758 3276 3255 3345 Absolutionem
3288 3302 3441 3348 vero

689 3416 978 3483 omnium
1019 3421 1089 3483 et
1129 3417 1532 3504 singulorum
1577 3414 1692 3503 qui
1729 3414 2014 3502 prefatas
2055 3418 2306 3481 nostras
2350 3415 2701 3481 sententias
2738 3420 2855 3481 aut
2893 3439 3115 3483 earum
3150 3417 3442 3504 aliquam

689 3552 1104 3621 inmmerrint
1148 3576 1262 3621 seu
1305 3553 1646 3621 incurrerit
1683 3552 2132 3641 quoquomodo
2178 3551 2365 3619 nobis
2392 3551 2497 3618 vel
2536 3552 2845 3637 superiori
2887 3558 3105 3620 nostro
3143 3558 3433 3621 tantum·

687 3692 871 3759 modo
899 3714 1312 3759 reservamus.
1403 3690 1490 3757 In
1520 3713 1794 3778 quorum
1823 3689 2116 3759 omnium
2144 3692 2213 3757 et
2240 3690 2644 3777 singulorum
2672 3690 2867 3757 fidem
2896 3694 2963 3757 et
2991 3691 3438 3761 testimonium

687 3827 1134 3913 premissorum
1177 3833 1504 3915 presentes
1547 3828 1797 3895 litteras
1836 3850 1949 3894 seu
1991 3848 2249 3913 presens
2287 3823 2619 3913 publicum
2663 3827 3167 3895 instrumentum
3204 3828 3433 3917 hujus-

687 3964 858 4031 modi
884 3972 1172 4031 nostram
1201 3964 1572 4033 citationem
1598 3966 1670 4032 in
1699 3988 1765 4033 se
1795 3966 2231 4033 continentem
2260 3988 2375 4032 seu
2402 3964 2736 4031 continens
2764 3966 2997 4032 exinde
3032 3966 3173 4033 fieri
3212 3972 3277 4035 et
3320 3991 3436 4056 per

688 4100 1078 4169 dominicum
1134 4101 1460 4171 notarium
1514 4102 1848 4190 publicum
1897 4108 2318 4190 nostrumque
2368 4106 2435 4169 et
2484 4101 2863 4191 hujusmodi
2913 4108 3199 4171 nostram
3246 4130 3435 4175 cause

690 4260 896 4307 coram
940 4238 1126 4307 nobis
1176 4238 1448 4309 scribam
1493 4240 1976 4329 infrascriptum
2022 4236 2335 4309 subscribi
2378 4244 2445 4308 et
2493 4239 2806 4328 publicari
2858 4244 3308 4311 mandavimus
3358 4268 3435 4313 ac

692 4376 886 4465 sigilli
924 4377 1305 4445 venerabilis
1347 4382 1414 4446 et
1459 4378 1897 4466 oiroumspocfi
1935 4378 2060 4445 viri
2102 4378 2351 4445 domini
2393 4377 2744 4447 JOHANNIS
2787 4380 2867 4446 de
2912 4378 3305 4447 Tuomans
3349 4384 3434 4451 de

693 4510 1006 4581 Bonosus
1046 4517 1445 4583 demetorum
1478 4515 1755 4585 doctoris
1789 4516 2172 4585 ooauditoris
2204 4516 2411 4583 nostri
2440 4540 2567 4603 quo
2604 4524 2889 4585 carentes
2922 4522 3141 4585 nostro
3169 4520 3432 4606 proprio

697 4646 902 4737 sigillo
931 4652 1014 4719 ad
1040 4674 1296 4739 presens
1323 4655 1570 4723 utimur
1595 4624 1866 4722 =fecimus
1893 4654 2282 4743 appensione
2309 4653 2568 4721 muniri.
