4418 5888
1635 857 1646 901 ยน
3356 848 3441 912 93

781 1163 1132 1252 burgenses
1156 1161 1354 1251 burgi
1380 1160 1585 1230 nostri
1619 1160 1892 1249 predicti
1925 1165 1994 1229 et
2025 1183 2141 1248 per
2167 1183 2282 1228 sex
2309 1161 2391 1228 de
2418 1159 2693 1228 visineto
2695 1209 2974 1228 .....
3021 1159 3295 1227 dominii
3326 1159 3531 1230 nostri

780 1301 1056 1390 predicti
1083 1299 1270 1368 trieri
1305 1303 1376 1368 et
1409 1297 1746 1368 terminari
1781 1298 2030 1386 possint
2065 1298 2172 1365 vel
2216 1297 2419 1386 possit
2462 1297 2703 1365 futuris
2746 1295 3144 1385 temporibus
3184 1297 3527 1366 duraturis.

782 1435 894 1506 Ita
931 1437 1106 1524 quod
1133 1436 1263 1524 ipsi
1306 1436 1414 1504 vel
1453 1458 1677 1504 eorum
1713 1435 1950 1524 aliquis
1991 1436 2064 1503 in
2103 1436 2325 1523 aliqua
2362 1435 2686 1503 curiarum
2714 1439 3082 1503 nostrarum
3121 1433 3531 1524 judicialium

781 1597 930 1643 cum
998 1595 1390 1662 manuopere
1459 1595 1595 1641 non
1667 1572 2006 1662 capiantur
2059 1573 2168 1640 vel
2232 1571 2539 1660 capiatur.
2648 1571 3092 1640 concessimus
3144 1571 3409 1660 insuper
3462 1574 3533 1640 et

781 1712 1156 1780 ordinamus
1219 1732 1337 1799 per
1405 1714 1732 1798 presentes
1795 1709 2283 1777 ordinanciones
2346 1710 2522 1796 quod
2586 1707 3093 1778 constabularius
3161 1714 3380 1776 noster
3448 1710 3533 1778 de

783 1847 1152 1918 Kannnm
1198 1848 1316 1936 qui
1358 1869 1478 1936 pro
1528 1852 1816 1935 tempore
1865 1845 2068 1914 fuerit
2116 1847 2202 1914 sit
2261 1847 2394 1935 maj
2402 1869 2476 1914 or
2522 1845 2720 1936 burgi
2768 1846 2973 1914 nostri
3020 1845 3295 1934 predicti
3337 1851 3533 1935 prout

780 1986 1141 2075 antiquitus
1195 1985 1340 2054 fieri
1398 1983 1746 2053 consuevit.
1858 1983 1956 2051 Et
2009 1986 2092 2051 de
2147 1981 2578 2073 burgensibus
2632 1983 2870 2052 nostris
2924 1983 3229 2072 predictis
3283 1982 3533 2073 eligant

782 2123 1119 2193 duodecim
1154 2122 1508 2213 burgenses
1541 2122 1624 2190 de
1661 2121 1874 2210 magis
1907 2120 2369 2189 sufficientibus
2402 2126 2471 2189 et
2503 2120 2977 2190 discretioribus
3009 2121 3305 2210 ejusdem
3335 2120 3533 2212 burgi

782 2261 895 2350 qui
928 2283 1142 2329 coram
1174 2258 1362 2328 nobis
1397 2262 1690 2348 prestant
1723 2263 2195 2326 sacramentum
2231 2259 2317 2326 ad
2348 2258 2633 2348 burgum
2660 2263 2953 2328 nostrum
2978 2259 3341 2346 predictum
3367 2259 3535 2328 bene

779 2403 850 2468 et
871 2399 1150 2468 fideliter
1185 2397 1712 2487 gubernandum.
1792 2395 1889 2465 Et
1915 2397 2091 2484 quod
2126 2396 2329 2464 iidem
2362 2396 2702 2464 duodecim
2726 2396 3079 2486 burgenses
3110 2396 3532 2484 imposterum

779 2535 1196 2605 nominentur
1221 2536 1673 2604 aldermannos
1703 2533 1902 2622 burgi
1933 2534 2140 2600 nostri
2173 2533 2467 2621 predicti.
2557 2532 2654 2602 Et
2686 2534 2861 2622 quod
2902 2534 2991 2601 ad
3022 2533 3265 2602 festum
3306 2533 3531 2604 Sancti

777 2671 1170 2742 Mscuasnm
1225 2671 1598 2761 archangeli
1647 2670 1984 2759 proximue
2045 2670 2347 2738 faunum
2400 2673 2469 2738 et
2530 2669 2820 2757 quolibet
2872 2693 3045 2739 anno
3105 2671 3525 2760 imposterum

777 2809 978 2879 iidem
1024 2808 1298 2898 predicti
1345 2806 1752 2877 aldermanni
1801 2811 1872 2874 et
1915 2806 2271 2895 burgenses
2318 2806 2524 2874 nostri
2578 2806 2852 2894 predicti
2900 2808 3151 2897 eligant
3205 2811 3289 2878 de
3340 2809 3531 2880 dictis

779 2946 1205 3037 burgensibus
1237 2944 1472 3014 nostris
1508 2949 1787 3033 quatuor
1822 2943 2117 3013 homines
2163 2948 2247 3013 de
2292 2942 2753 3013 sufficientibus
2802 2946 2917 3032 qui
2964 2970 3097 3035 pre.
3149 2997 3163 3013 .
3214 2998 3229 3014 .
3281 2998 3296 3013 .
3343 2971 3528 3017 voca-

779 3082 1024 3153 buntur
1050 3089 1410 3171 portreeves
1445 3084 1528 3151 de
1567 3080 1800 3170 quibus
1827 3081 2335 3149 constabularius
2362 3088 2579 3150 noster
2605 3084 2687 3150 de
2721 3082 3091 3151 Kannmrr
3129 3086 3333 3173 eligat
3368 3087 3532 3155 dnos

780 3222 1038 3289 nomine
1064 3224 1284 3289 nostro
1311 3220 1426 3307 qui
1457 3220 1880 3307 imposterum
1904 3220 2227 3286 nominati
2267 3225 2462 3287 erunt
2496 3220 2723 3287 ballivi
2758 3220 2956 3310 burgi
2992 3222 3198 3290 nostri
3233 3224 3523 3310 predicti.

781 3354 874 3427 Et
905 3359 1080 3445 quod
1117 3357 1364 3445 eligent
1401 3357 1602 3425 etiam
1644 3356 1807 3424 duos
1848 3354 2195 3423 servientes
2233 3380 2383 3425 cum
2419 3356 2665 3425 baculis
2703 3358 2945 3425 vocatis
2977 3359 3172 3426 masis
3210 3361 3292 3428 de
3330 3362 3529 3430 armis

779 3496 1012 3563 nostris
1049 3500 1380 3584 portantes
1418 3494 1531 3581 qui
1569 3494 1990 3581 imposterum
2023 3494 2343 3583 nominati
2379 3496 2571 3561 erunt
2605 3500 2950 3583 sergeants.
3041 3496 3137 3564 Et
3163 3499 3338 3584 quod
3370 3500 3529 3569 dicti

781 3632 1004 3701 ballivi
1073 3640 1142 3702 et
1207 3634 1552 3701 servientes
1619 3638 2088 3700 sacramentum
2159 3656 2350 3699 suum
2411 3633 2496 3699 ad
2571 3634 2818 3700 dictum
2884 3632 3169 3723 burgum
3235 3642 3529 3707 nostrum

785 3792 927 3839 cum
947 3744 1137 3853 dictis
1157 3770 1593 3839 aldermannis
1617 3769 1783 3838 bene
1805 3775 1873 3837 et
1891 3771 2168 3837 fideliter
2185 3770 2681 3858 gubernandum
2705 3794 2779 3837 ac
2800 3772 3097 3839 denarios
3117 3780 3185 3840 et
3205 3780 3529 3844 custumes

783 3906 930 3977 inde
967 3907 1156 3977 nobis
1194 3908 1411 3976 debito
1452 3908 1889 3996 colligendum
1932 3914 1998 3975 et
2045 3908 2397 3974 levandum
2437 3930 2651 3974 coram
2694 3908 3163 3977 constabulario
3196 3918 3415 3982 nostro
3456 3914 3528 3981 in

785 4047 1087 4115 scaccario
1123 4052 1342 4113 nostro
1381 4048 1464 4114 de
1507 4044 1878 4113 Kanum
1917 4044 2301 4132 prestabunt
2340 4050 2535 4132 prout
2576 4046 2658 4112 de
2697 4046 2965 4132 antiquo
3004 4047 3143 4116 fleri
3178 4050 3524 4118 consuevit.

784 4178 874 4249 Et
922 4185 1100 4270 quod
1148 4184 1494 4251 decedente
1543 4182 1761 4269 aliquo
1811 4183 2231 4250 aldermanno
2276 4182 2452 4248 infra
2495 4181 2780 4271 burgum
2824 4188 3119 4251 nostrum
3166 4186 3528 4274 predictum

783 4320 1020 4388 residui
1069 4320 1472 4388 aldermanni
1521 4318 1893 4408 superstites
1943 4320 2103 4387 alios
2152 4320 2259 4387 vel
2307 4318 2510 4385 alium
2561 4321 2642 4386 de
2692 4320 2903 4409 magis
2952 4322 3414 4391 sufficientibus
3461 4328 3529 4393 et

787 4456 1251 4525 discretioribus
1291 4456 1722 4546 burgensibus
1761 4455 1956 4545 burgi
1997 4457 2206 4525 nostri
2245 4457 2521 4544 predicti
2562 4457 2702 4523 loco
2741 4480 2857 4524 suo
2894 4457 3145 4545 eligant
3178 4463 3244 4525 et
3280 4482 3389 4527 eos
3421 4462 3527 4528 vel

785 4612 932 4661 eum
958 4594 1423 4663 constabulario
1450 4602 1668 4663 nostro
1695 4596 1778 4663 de
1805 4594 2175 4663 Kannmrr
2203 4616 2323 4682 pro
2352 4599 2639 4682 tempore
2666 4594 2981 4661 existente
3012 4600 3385 4680 presentent
3411 4598 3527 4684 qui

789 4750 994 4797 coram
1019 4730 1158 4817 ipso
1183 4736 1517 4820 tamquam
1543 4756 1790 4821 majore
1817 4756 1934 4800 suo
1963 4737 2433 4801 sacramentum
2463 4755 2653 4799 suum
2680 4730 3060 4819 prestabunt
3080 4731 3183 4796 vel
3212 4732 3526 4819 prestabit
