4418 5888
3300 930 3425 995 105

755 1245 1092 1315 Novem-itis
1141 1266 1260 1312 nos
1311 1243 1664 1333 inspexisse
1705 1244 2263 1313 confirmacionem
2304 1242 2471 1311 bone
2512 1244 2819 1311 memorie
2870 1243 3123 1309 domini
3168 1242 3522 1311 Enwiiiini

757 1384 962 1473 petris
1001 1382 1208 1451 nostri
1257 1404 1468 1470 nuper
1519 1381 1768 1451 domini
1811 1380 2177 1449 Gmom'
2223 1386 2293 1449 et
2340 1380 2577 1449 Mcm'
2630 1404 2829 1469 quum
2876 1382 3037 1449 fecit
3084 1381 3521 1470 burgensibus
3594 1354 3607 1365 ο

759 1520 996 1591 nostris
1021 1521 1106 1589 de
1131 1519 1568 1587 LANTRISSRN
1595 1521 1680 1587 de
1705 1541 1931 1588 eornm
1957 1518 2367 1587 libertatibus
2392 1520 2465 1586 in
2492 1520 2613 1587 hec
2638 1520 2853 1588 verbe.

849 1658 1250 1727 EnwAnnns
1275 1659 1340 1725 le
1370 1657 1780 1726 Dnsi’m-isiin
1807 1658 2110 1725 dominus
2139 1656 2505 1724 Gnucne’
2536 1661 2607 1725 et
2639 1656 2873 1725 Mone’
2920 1657 3221 1725 omnibus
3262 1657 3523 1726 ballivis

759 1797 998 1865 nostris
1038 1801 1108 1865 et
1147 1796 1448 1865 omnibus
1489 1796 1576 1862 sd
1625 1818 1788 1883 quos
1835 1800 2162 1883 presentes
2212 1796 2399 1863 litere
2448 1796 2861 1883 pervenerint
2902 1796 3196 1863 sulutem.
3288 1795 3523 1863 Sciatis

763 1958 884 2003 ncs
937 1934 1290 2022 inspexisse
1347 1938 1594 2001 cartem
1648 1932 1818 2001 bone
1873 1935 2182 2001 memorie
2255 1934 2505 2001 domini
2576 1932 2905 2001 Hueoms
2975 1934 3039 2001 le
3112 1934 3521 2001 Dssrmtsmi

762 2072 1066 2142 avunculi
1105 2071 1312 2139 nostri
1339 2071 1590 2140 demini
1619 2072 1984 2140 szom’
2017 2078 2084 2139 et
2117 2072 2353 2139 Mone'
2385 2094 2583 2160 quam
2625 2072 2784 2139 fecit
2820 2072 3251 2160 burgensibus
3286 2072 3525 2139 nostris

763 2211 848 2279 de
872 2210 1310 2278 Lim-misssi<
1337 2210 1412 2277 in
1439 2210 1558 2278 hec
1585 2209 1799 2278 verbe.

851 2346 1066 2415 Hueo
1121 2347 1188 2416 le
1241 2347 1652 2415 Dnsriiitssn
1711 2348 2012 2416 dominus
2073 2347 2438 2415 GLAxcne'
2501 2352 2571 2415 et
2628 2345 2862 2414 Mone’
2916 2346 3215 2415 omnibus
3262 2346 3524 2413 ballivis

763 2488 831 2551 et
885 2484 1200 2552 ministris
1255 2486 1390 2553 suis
1443 2510 1520 2554 ac
1575 2486 1722 2553 aliis
1777 2486 2076 2555 fidelibus
2131 2487 2219 2553 sd
2276 2508 2437 2573 quos
2492 2488 2819 2573 presentes
2876 2486 3063 2552 litere
3112 2483 3524 2572 pervenerint

765 2622 1058 2691 salutem.
1148 2622 1380 2692 Sciatis
1422 2645 1540 2691 nos
1583 2626 1666 2693 de
1707 2626 1926 2713 grecis
1967 2630 2188 2691 nostra
2230 2624 2491 2711 speciali
2530 2624 2901 2691 concessisse
2952 2626 3023 2690 et
3068 2624 3191 2690 hac
3240 2621 3525 2710 presenti

763 2765 941 2829 cei-ta
979 2766 1204 2829 nostra
1244 2762 1648 2831 confirmasse
1689 2762 1942 2830 dilectis
1981 2761 2413 2851 burgensibus
2453 2762 2691 2830 nostris
2739 2762 2893 2828 ville
2942 2768 3159 2828 nostre
3205 2762 3288 2828 de
3334 2760 3523 2827 Lm-

763 2918 1042 2966 TRISSEN
1093 2900 1270 2987 quod
1317 2900 1444 2988 ipsi
1493 2904 1562 2968 et
1609 2922 1832 2969 eorum
1883 2922 2266 2968 successores
2314 2899 2501 2968 liberi
2554 2901 2687 2968 sint
2734 2922 2851 2987 per
2900 2903 3115 2966 totum
3158 2898 3522 2966 dominium

765 3041 1060 3105 nostrum
1107 3042 1248 3126 tam
1297 3039 1370 3104 in
1421 3037 1704 3106 Artenia
1749 3061 1946 3126 quam
1995 3039 2070 3106 in
2119 3039 2423 3110 WALmA
2460 3044 2529 3107 et
2572 3041 2827 3106 easdem
2870 3037 3201 3105 libertates
3240 3035 3529 3104 habeant

765 3175 934 3242 sicut
971 3173 1210 3242 habere
1253 3175 1546 3244 solebant
1585 3179 1874 3262 tempore
1917 3179 2390 3244 antecessorum
2430 3182 2797 3244 nostrcrmn
2840 3178 2907 3242 et
2948 3176 3116 3242 sicut
3168 3175 3524 3263 burgenses

766 3312 974 3380 nostri
1013 3313 1098 3380 de
1141 3312 1482 3382 Kanum
1524 3313 1770 3382 hebent
1813 3337 1895 3380 ex
1938 3313 2339 3381 concessione
2378 3319 2599 3380 nosti-s
2640 3314 2735 3381 ita
2778 3313 2953 3398 quod
2994 3313 3120 3400 ipsi
3162 3312 3351 3380 liberi
3394 3313 3529 3381 sint

767 3471 916 3517 cum
964 3449 1428 3518 mei-chsndisis
1475 3449 1550 3517 in
1599 3449 1888 3518 dominio
1937 3455 2158 3518 nosti-c
2205 3450 2495 3538 predicto
2538 3453 2605 3519 et
2646 3450 2805 3517 alibi
2846 3473 2923 3518 ec
2964 3449 3169 3518 eciem
3217 3451 3391 3537 quod
3442 3450 3525 3518 de

768 3585 1070 3654 omnibus
1094 3585 1284 3654 bonis
1309 3591 1378 3654 et
1401 3585 1596 3656 rebus
1621 3589 1754 3656 suis
1781 3593 1920 3656 tem
1947 3587 2249 3656 videlicet
2284 3587 2744 3655 merchsndisis
2784 3610 2981 3673 quam
3024 3586 3169 3653 aliis
3212 3585 3416 3672 quieti
3457 3590 3528 3654 et

765 3721 954 3790 liberi
995 3722 1129 3791 sint
1173 3722 1654 3812 imperpetuum
1695 3726 1780 3793 de
1818 3724 2146 3794 theolonic
2187 3725 2487 3812 muragio
2528 3725 2841 3812 pontagic
2866 3723 3145 3812 pavagic
3172 3723 3429 3811 picsgic
3456 3726 3525 3791 et

767 3859 1052 3950 kayegic
1093 3880 1344 3929 necnon
1385 3861 1470 3929 de
1511 3861 1812 3931 omnibus
1853 3863 2000 3930 aliis
2041 3863 2353 3930 custumis
2392 3867 2461 3929 et
2497 3860 3069 3930 consuetudinibus
3102 3861 3281 3928 inii-s
3317 3861 3523 3928 domi·

769 3997 958 4066 nium
1011 4003 1308 4066 nostrum
1363 3999 1744 4086 predictum.
1863 3999 2307 4068 concessimus
2378 3999 2580 4066 eciem
2653 4001 2827 4085 quod
2898 3998 3251 4086 burgenses
3320 3997 3527 4065 nostri

769 4135 3163 4226 pmdictietmccesscressuiilibemlegarepcsdntomisbmgagiems
3202 4158 3319 4224 pei·
3354 4136 3527 4224 ipsos

769 4271 1098 4360 adquisita
1121 4278 1262 4340 tam
1287 4274 1372 4341 de
1397 4275 1786 4344 tenementis
1813 4296 2012 4363 quam
2039 4275 2122 4342 de
2147 4272 2511 4342 redditibus
2538 4273 2895 4360 cuicunque
2934 4277 3003 4340 et
3038 4272 3530 4360 quibuscunque

771 4409 860 4476 sd
885 4409 1290 4477 volimtstsm
1317 4431 1540 4478 eorum
1565 4409 1908 4479 voluerint.
1997 4409 2095 4479 Et
2121 4411 2297 4497 quod
2336 4407 2547 4477 eidem
2585 4410 2937 4496 burgenses
2976 4408 3181 4477 nostri
3224 4411 3531 4499 distringi

773 4568 906 4615 non
957 4545 1240 4615 debeant
1287 4547 1464 4616 exire
1513 4548 1814 4636 antiquas
1861 4547 2192 4616 libertates
2242 4547 2395 4614 ville
2444 4553 2661 4614 nostre
2710 4549 2993 4635 predicte
3044 4553 3266 4617 conti-s
3310 4571 3535 4616 eoru-m

775 4665 1179 4752 voluntatem
1205 4685 1294 4752 sd
1319 4685 1542 4772 alique.
1565 4685 1880 4754 facienda.
1970 4685 2068 4754 Et
2091 4687 2259 4754 tales
2284 4691 2438 4753 sunt
2465 4686 2683 4753 bunde
2710 4685 3085 4753 libertatum
3106 4707 3331 4753 comm
3351 4686 3530 4756 vide·

776 4820 932 4889 licet
955 4844 1000 4889 a
1023 4826 1200 4890 terra
1225 4827 1453 4892 vocata
1479 4821 1722 4890 LLOYN
1753 4821 1956 4891 enm
1981 4845 2066 4891 ex
2091 4824 2278 4910 perte
2316 4823 2616 4891 orientali
2658 4845 2861 4910 usque
2902 4823 2989 4889 sd
3028 4825 3317 4914 regalem
3358 4825 3535 4894 viam

785 4959 2449 5049 queducitspredictsvillsusqussdpstiiemde
2484 4961 2685 5028 Gm«
2728 4960 3026 5029 Ram
3069 4967 3139 5030 et
3178 4985 3221 5030 s
3261 4963 3371 5031 vis
3412 4985 3541 5050 que
