4418 5888
888 791 1021 858 3⁷4

800 1109 1017 1174 nostre
1061 1105 1345 1193 predicte
1402 1107 1473 1173 et
1526 1105 1583 1172 si
1638 1053 1889 1191 aliquos
1942 1104 2104 1172 alios
2158 1102 2403 1173 ibidem
2445 1107 2984 1193 manuoperantes
3023 1103 3315 1172 inveniat
3382 1103 3554 1192 ipsos

794 1241 1135 1310 attachiari
1182 1243 1381 1310 faciat
1436 1247 1504 1309 et
1560 1241 2063 1310 attachiamenta
2100 1248 2484 1330 presentent
2531 1244 2618 1311 ad
2665 1242 3078 1311 hundredum
3128 1242 3284 1310 ville
3331 1247 3549 1312 nostre

793 1378 1079 1466 predicte
1121 1382 1187 1444 et
1230 1378 1363 1444 sint
1403 1377 1647 1447 ibidem
1696 1379 2025 1448 smel-cisti
2074 1381 2428 1448 secumdum
2469 1379 2903 1468 quantitatem
2943 1379 3182 1448 delicti.
3271 1379 3550 1468 Insuper

799 1515 1221 1584 concessimus
1291 1516 1561 1604 prefatis
1631 1514 2061 1606 burgensibus
2130 1517 2366 1585 nostris
2438 1518 2613 1606 quod
2683 1541 2904 1587 omnes
2966 1523 3346 1586 mercatores
3415 1523 3554 1586 tam

798 1653 1099 1744 pannarii
1164 1655 1465 1722 cerdones
1528 1654 1851 1742 pelliparii
1916 1655 2268 1724 ciroteoarii
2340 1679 2537 1744 quam
2593 1657 2710 1724 alii
2766 1656 3002 1724 diversi
3069 1655 3184 1743 qui
3247 1680 3330 1723 ex
3399 1679 3553 1724 ven-

800 1792 1051 1861 dicione
1122 1797 1191 1859 et
1268 1793 1599 1880 empcione
1678 1793 1905 1860 vivant
1981 1793 2157 1860 infra
2213 1793 2578 1861 dominium
2647 1798 2940 1861 nostrum
3007 1791 3552 1862 Gumoaosncm

798 1935 869 1999 et
923 1929 1341 1998 Mommsen:
1399 1931 1676 1999 residere
1734 1930 2012 1998 debeant
2066 1929 2141 1997 in
2196 1930 2370 1997 villis
2425 1932 2509 1998 de
2564 1930 2801 2019 Burgh
2847 1935 2914 1998 et
2967 1953 3104 1998 non
3175 1931 3426 2018 upland
3485 1937 3554 2000 et

802 2068 980 2158 quod
1036 2068 1439 2136 omnimodas
1508 2067 1941 2136 mercandizss
2012 2067 2256 2134 facient
2325 2067 2398 2134 in
2467 2067 2782 2134 nundinis
2852 2067 3036 2136 floris
3105 2074 3174 2137 et
3241 2069 3312 2135 in
3385 2069 3558 2138 villis

804 2207 887 2274 de
938 2205 1173 2296 Burgh
1216 2212 1285 2276 et
1324 2228 1458 2274 non
1515 2205 1692 2274 alibi.
1804 2204 1900 2273 Et
1956 2205 2159 2274 eciam
2208 2207 2386 2294 quod
2442 2228 2664 2273 omnes
2689 2209 3070 2274 mercatores
3126 2229 3274 2274 cum
3337 2229 3558 2275 eorum

802 2345 1222 2414 mercandizis
1276 2345 1437 2414 alibi
1490 2368 1626 2414 non
1682 2349 2017 2414 transeant
2072 2365 2272 2433 quam
2327 2365 2443 2431 per
2497 2343 2746 2432 regales
2803 2342 2976 2410 vicos
3030 2364 3146 2430 per
3217 2343 3413 2410 villas
3475 2344 3557 2412 de

800 2481 1055 2572 Burgh.
1166 2483 1279 2551 Ita
1334 2484 1509 2570 quod
1564 2505 1683 2550 nos
1739 2505 1859 2550 nec
1914 2481 2181 2550 heredes
2236 2481 2440 2550 nostri
2494 2481 2818 2550 tolnetum
2872 2485 3166 2550 nostrum
3221 2505 3340 2550 nec
3395 2482 3556 2550 alias

797 2625 1123 2690 custumas
1180 2621 1369 2691 nobis
1436 2620 1687 2689 debitas
1754 2619 1973 2707 aliquo
2039 2623 2329 2707 tempore
2400 2619 2794 2687 omittamus.
2884 2617 2981 2686 Et
3043 2621 3218 2708 quod
3281 2619 3552 2707 predicti

801 2757 1153 2847 burgenses
1206 2757 1413 2826 nostri
1478 2779 1600 2826 nec
1656 2779 1877 2824 eorum
1934 2756 2199 2825 heredes
2256 2758 2542 2846 aliquam
2605 2755 3082 2846 vigillacionem
3137 2757 3383 2862 iaciant
3437 2779 3558 2826 nec

804 2895 1089 2985 aliquem
1131 2894 1493 2985 fugitivum
1536 2894 1609 2961 in
1658 2893 1879 2982 aliqua
1922 2895 2186 2963 ecclesia
2230 2894 2598 2963 custodiant
2641 2895 2828 2962 extra
2875 2915 3095 2961 muros
3139 2895 3294 2963 ville
3339 2899 3556 2963 nostre

799 3034 1127 3122 predicte3
1173 3034 1595 3101 concessimus
1638 3054 1790 3101 vero
1834 3032 2139 3119 predictis
2181 3030 2612 3121 burgensibus
2655 3032 2891 3101 noetris
2939 3033 3116 3121 quod
3150 3054 3267 3120 per
3299 3031 3556 3100 ordina-

800 3170 1049 3239 cionem
1070 3169 1527 3239 constabularii
1551 3168 1826 3257 predicti
1854 3168 2294 3238 ordinaciones
2314 3174 2382 3237 et
2401 3170 2820 3240 clamuciones
2845 3169 3047 3239 libere
3066 3170 3277 3238 facere
3295 3172 3556 3259 possent

804 3310 887 3378 de
930 3308 1127 3375 assisa
1168 3308 1358 3395 panis
1400 3312 1469 3375 et
1513 3307 1775 3376 cervisie
1804 3312 1873 3375 et
1914 3308 1997 3375 de
2038 3308 2184 3376 aliis
2227 3308 2494 3376 diversis
2531 3308 2726 3378 rebus
2773 3310 2860 3377 ad
2891 3311 3296 3378 voluntatem
3335 3329 3558 3377 eorum

802 3446 1076 3515 eandem
1111 3445 1335 3513 villam
1370 3445 1792 3535 tangentibus
1835 3448 2348 3535 quandocunque
2389 3469 2642 3517 necesse
2683 3447 2896 3551 fuerit
2923 3449 3009 3515 ad
3034 3445 3557 3517 emendacionem

802 3583 982 3652 illius
1023 3582 1178 3652 ville
1220 3587 1288 3650 et
1328 3583 1687 3671 proficuum
1728 3583 1995 3670 populi3
2040 3584 2334 3652 nolentes
2375 3585 2578 3652 eciam
2605 3585 2780 3673 quod
2811 3584 2863 3673 ij
2869 3586 3020 3653 dem
3045 3584 3398 3672 burgenses
3423 3581 3556 3651 sint

796 3719 989 3810 ligati
1028 3717 1210 3810 [per]
1257 3716 1795 3807 proclsmaciones
1827 3719 1901 3787 iii
1936 3720 2245 3789 comitatu
2279 3726 2496 3791 nostro
2525 3720 2963 3790 G‘Lsuonem
3005 3721 3225 3807 aliquo
3263 3724 3552 3807 tempore

801 3859 1008 3927 factas
1034 3862 1103 3927 et
1130 3858 1305 3944 quod
1330 3856 1614 3925 habeant
1640 3857 1967 3945 prisonam
1996 3881 2179 3925 suam
2205 3860 2279 3926 in
2307 3860 2532 3927 eadem
2569 3858 2772 3927 villan
2800 3864 2972 3927 ostra
3000 3860 3086 3926 ad
3113 3857 3556 3925 malefactores

804 4002 873 4069 et
912 3996 1181 4067 rebelles
1208 3993 1453 4063 ibidem
1482 3996 1974 4065 custodiendum
2001 4001 2069 4064 et
2096 3998 2546 4085 castigandum
2575 4002 2642 4067 et
2669 4000 2754 4065 ad
2787 3998 3001 4085 legem
3039 3996 3446 4085 implendum
3487 3998 3554 4062 et

800 4137 1197 4215 tenendum3
1242 4156 1494 4201 necnon
1522 4134 1968 4207 exemcionem
1997 4134 2370 4203 faciendum
2397 4158 2610 4205 coram
2647 4134 3114 4204 constabulario
3151 4138 3370 4202 nostro
3407 4154 3551 4220 pre-

801 4272 975 4341 dicto
1002 4295 1152 4339 cum
1178 4271 1415 4359 placito
1437 4271 1541 4340 vel
1570 4272 1707 4340 sine
1734 4272 1971 4360 placito
2000 4274 2081 4340 de
2103 4271 2403 4340 omnibus
2427 4270 2618 4340 rebus
2637 4272 2862 4339 villam
2880 4276 3169 4339 nostram
3195 4268 3552 4357 predictam

796 4410 1236 4501 tangentibus.
1326 4408 1629 4479 Preterea
1672 4410 2091 4479 concessimus
2128 4381 2399 4497 prefatis
2440 4408 2868 4497 burgensibus
2911 4408 3148 4476 nostris
3195 4408 3372 4496 quod
3420 4408 3550 4474 due

800 4552 1095 4623 nundine
1124 4550 1355 4621 sintin
1382 4552 1609 4619 eadem
1636 4550 1794 4616 villa
1820 4553 2040 4617 nostra
2068 4546 2356 4635 quolibet
2394 4570 2566 4615 anno
2593 4548 2760 4615 sicut
2785 4570 2919 4615 esse
2947 4545 3239 4615 solebant
3263 4550 3552 4632 tempore

798 4696 1267 4761 antecessorum
1298 4694 1661 4757 nostrorum
1692 4687 1993 4755 videlicet
2010 4686 2304 4755 nundine
2324 4709 2452 4775 que
2471 4686 2792 4773 incipiunt
2815 4684 2888 4753 in
2907 4685 3138 4774 vigilia
3163 4681 3549 4753 Nafivitafis
