4418 5888
3289 849 3293 853 ,
3339 791 3468 887 309

797 1116 1041 1186 habere
1082 1116 1437 1204 poterimus
1483 1113 1565 1180 de
1618 1116 1684 1180 et
1730 1111 1803 1178 in
1850 1109 2005 1177 totis
2048 1108 2182 1176 illis
2225 1107 2589 1196 messuagio
2631 1105 2800 1174 tofto
2843 1105 3119 1194 gardino
3159 1109 3336 1173 terra
3375 1109 3556 1174 tene-

798 1261 1028 1324 mento
1089 1258 1276 1342 prato
1340 1273 1575 1341 pascuo
1647 1253 1911 1336 pastura
1974 1243 2161 1314 bosoo
2236 1243 2544 1311 subbosoo
2614 1243 2874 1310 redditu
2945 1241 3416 1310 reversionibus
3487 1249 3557 1311 et

804 1390 1090 1460 serviciis
1135 1411 1283 1456 eum
1334 1385 1637 1454 omnibus
1683 1388 1750 1451 et
1794 1381 2071 1471 singulis
2116 1381 2250 1447 suis
2291 1379 2706 1472 pertinenciis
2764 1379 3121 1469 vulgariter
3169 1381 3562 1468 nunoupatis

808 1527 1301 1596 Sremtsnormn
1346 1525 1635 1614 jacentes
1680 1521 1755 1588 in
1805 1520 2045 1589 Sancta
2094 1517 2410 1586 BmornA
2459 1517 2750 1606 predicta
2803 1517 3075 1586 situatos
3130 1518 3304 1585 inter
3356 1523 3564 1586 terras

803 1665 1066 1736 Tuon
1109 1664 1520 1732 Smnnme
1565 1659 1871 1748 armigeri
1912 1681 1996 1724 ex
2036 1661 2223 1746 parte
2267 1656 2565 1724 orientali
2606 1661 2674 1723 et
2715 1660 2934 1724 terras
2959 1654 3216 1723 Tnoun
3250 1680 3334 1745 ap
3368 1655 3416 1725 J
3415 1677 3562 1724 orm

811 1805 895 1873 de
936 1803 1241 1872 Buram
1284 1800 1579 1889 generosi
1618 1822 1704 1866 ex
1746 1804 1930 1886 parte
1970 1794 2352 1863 occidentali
2395 1801 2460 1860 et
2503 1793 2735 1861 boriali
2769 1799 2836 1862 et
2874 1799 3082 1892 terras
3107 1791 3451 1862 Enwm1
3478 1817 3564 1882 ap

804 1941 1005 2012 «ἴση
1040 1939 1123 2007 de
1159 1939 1613 2008 Canusi-on
1653 1935 1951 2024 generosi
1989 1955 2071 2000 ex
2113 1938 2300 2022 parte
2343 1931 2628 1999 australi.
2720 1930 2832 1998 Ita
2873 1955 3025 2000 vero
3068 1933 3244 2020 quod
3283 1955 3404 2000 neo
3445 1955 3566 2002 nos

811 2077 1053 2170 prefati
1108 2075 1544 2147 Wunsmms
1600 2073 2011 2142 Summi-re
2074 2079 2140 2142 et
2198 2073 2643 2140 Manesanrs
2697 2096 2863 2141 uxor
2918 2095 3064 2140 mea
3121 2096 3240 2142 neo
3301 2073 3570 2142 heredes

812 2216 1021 2284 nostri
1076 2237 1195 2281 neo
1251 2215 1487 2300 aliquis
1542 2213 1711 2280 alius
1758 2235 1875 2301 per
1922 2233 2042 2279 nos
2090 2213 2230 2278 vioe
2277 2231 2392 2278 seu
2421 2210 2814 2318 ‘nominibus
2863 2206 3099 2281 nostris
3147 2211 3410 2299 aliquod
3456 2211 3570 2300 jus

818 2351 1088 2420 titulum
1144 2351 1465 2418 olameum
1520 2349 1825 2418 interesse
1882 2371 1999 2416 seu
2053 2348 2378 2416 demanda
2432 2349 2514 2414 de
2583 2351 2652 2415 et
2707 2349 2780 2415 in
2847 2349 3151 2436 predictis
3207 2351 3570 2438 messuagio

814 2489 988 2556 tofto
1035 2491 1104 2554 et
1148 2487 1375 2555 oeteris
1416 2485 1739 2575 premissis
1784 2508 1933 2553 oum
1978 2485 2391 2572 pertinenciis
2433 2507 2552 2552 neo
2593 2485 2666 2551 in
2709 2486 2931 2573 aliqua
2970 2487 3124 2554 inde
3167 2487 3446 2575 parcella
3487 2488 3572 2556 de

821 2631 1033 2694 eetero
1081 2625 1341 2714 exigere
1386 2625 1664 2692 elamat-e
1711 2625 2101 2692 demandare
2152 2645 2268 2690 seu
2314 2623 2653 2690 vendicare
2701 2623 3056 2711 poterimus
3103 2647 3222 2692 neo
3266 2624 3574 2692 debemus

819 2762 894 2831 in
934 2763 1161 2831 futuro
1190 2727 1316 2829 'sed
1360 2762 1443 2830 ab
1487 2763 1665 2830 omni
1706 2761 1957 2830 notione
1998 2760 2145 2849 jure
2188 2761 2384 2828 titulo
2427 2765 2604 2828 statu
2652 2759 2898 2828 olameo
2946 2762 3252 2830 interesse
3303 2785 3417 2830 seu
3461 2763 3572 2832 de-

824 2901 1067 2969 manda
1092 2901 1247 2967 inde
1276 2921 1497 2967 sumus
1524 2901 1787 2989 penitus
1814 2899 2056 2967 exolusi
2084 2900 2562 2987 imperpetuum
2589 2921 2706 2988 per
2732 2907 3075 2987 presentes.
3166 2899 3261 2967 Et
3287 2922 3405 2968 nos
3425 2923 3577 2969 mro

820 3038 1150 3125 predictus
1205 3036 1640 3108 Wunnmms
1696 3034 2108 3104 Srmmne
2168 3044 2236 3104 et
2291 3036 2734 3103 Massam-A
2789 3060 2954 3104 uxor
3003 3060 3150 3105 mea
3197 3043 3264 3106 et
3314 3038 3579 3107 heredes

834 3174 1045 3241 nostri
1084 3174 1373 3263 predicta
1421 3174 1859 3263 messuagium
1904 3172 2147 3241 toftum
2199 3178 2268 3241 et
2317 3180 2528 3241 oetera
2573 3174 2885 3262 premissa
2937 3198 3089 3243 oum
3145 3178 3280 3243 suis
3334 3178 3579 3265 pertin-

822 3312 1027 3381 enciis
1052 3312 1306 3401 prefato
1344 3311 1739 3381 Wlmmo
1767 3310 2009 3379 Tuan
2034 3311 2377 3378 heredibus
2420 3320 2486 3379 et
2529 3313 2876 3401 assignatis
2918 3315 3052 3379 suis
3093 3318 3318 3382 eontra
3359 3334 3582 3382 omnes

828 3456 1059 3538 gentes
1114 3447 1679 3517 warantizabimus
1735 3452 1803 3517 et
1858 3448 2336 3538 imperpetuum
2397 3450 2818 3517 defendemus
2877 3474 2993 3539 per
3048 3458 3392 3539 presentes.
3493 3452 3582 3519 In
3721 3496 3726 3499 -

828 3586 938 3675 cuj
950 3609 1024 3653 us
1050 3586 1147 3653 rei
1174 3586 1619 3655 testimonium
1648 3610 1767 3655 nos
1800 3587 2073 3675 predioti
2108 3586 2542 3656 Wrnnssmus
2581 3588 2994 3656 Srunmue
3035 3594 3100 3657 et
3139 3588 3584 3658 Maneant-rs

830 3746 999 3791 uxor
1052 3746 1201 3790 mea
1256 3722 1409 3789 huie
1464 3724 1749 3811 presenti
1805 3728 1979 3792 oarte
2035 3732 2254 3792 nostre
2313 3725 2530 3814 sigilla
2595 3736 2818 3793 nostra
2877 3727 3307 3815 apposuimus.
3428 3726 3587 3795 Hiis

832 3860 1106 3929 testibus
1148 3858 1543 3928 Wunumo
1593 3860 1857 3929 HAnnY
1940 3862 1989 3931 J
1989 3883 2276 3930 omns
2334 3862 2730 3931 Rrswnr'rn
2817 3860 3076 3930 Tuom
3131 3863 3450 3933 Wsn‘ma
3505 3864 3588 3931 de

830 3996 1077 4066 Sancta
1103 3996 1413 4065 Bmems
1445 3998 1735 4086 prediota
1773 4022 2080 4086 yemmen
2122 4004 2190 4066 et
2217 4000 2442 4067 multis
2470 4001 2632 4068 aliis.
2722 4000 2973 4069 Datum
3003 4009 3236 4089 quarta
3263 3966 3369 4070 die
3398 4001 3446 4071 J
3447 4003 3588 4069 unii

838 4158 1011 4203 anno
1066 4134 1257 4221 regni
1308 4134 1557 4203 domini
1606 4135 1811 4203 nostri
1868 4133 2184 4203 Humum
2237 4138 2448 4205 ootavi
2499 4136 2629 4205 Dei
2677 4138 2890 4227 gratia
2940 4138 3222 4207 Artena
3275 4139 3588 4207 mecm

830 4280 905 4341 et
956 4272 1324 4340 Hmnnmn
1374 4270 1581 4361 Regis
1636 4273 1791 4341 fidei
1847 4274 2196 4341 defensoris
2231 4238 2314 4341 ‘et
2363 4274 2436 4342 in
2487 4280 2660 4342 terra
2715 4274 2974 4343 oedenie
3034 4276 3448 4345 Ausucum
3523 4290 3592 4346 et

840 4409 1243 4478 Hmnnmcn
1272 4412 1557 4499 supremi
1586 4411 1815 4499 eapitis
1840 4410 2161 4478 tricesimo
2190 4416 2393 4478 sexto,

925 4548 1113 4617 Deed
1141 4548 1295 4637 poll.
1387 4546 1547 4617 'l'wo
1575 4548 1758 4629 seals,
1788 4546 1949 4614 both
1977 4570 2163 4636 gone.

927 4684 1399 4754 Endorsed·—“
1419 4685 1745 4755 Willelmi
1772 4684 2132 4775 Struflyng
2162 4690 2230 4754 et
2255 4685 2630 4777 Margsrete
2660 4688 2880 4754 uxoris
2907 4709 3021 4753 sue
3051 4687 3224 4754 faeta
3251 4685 3595 4756 Willelmo

840 4820 1047 4911 Tyler
1074 4824 1157 4891 de
1186 4820 1665 4911 Sygensland.”
2169 4802 2181 4815 ’
