4418 5888
953 789 1082 857 158

2003 1099 2471 1170 GOCLXVII.

899 1238 1414 1312 APPROVAL
1468 1238 1605 1309 BY
1659 1237 1864 1308 'Hm
1919 1237 2373 1308 OHAPTER
2429 1238 2553 1309 ΟΕ·
2606 1237 3131 1310 LLANDAFF
3188 1237 3311 1309 OF
3366 1238 3569 1310 THE

1821 1363 2130 1434 LEASE'
2187 1363 2312 1433 OF
2368 1363 2651 1434 NASH.

1962 1499 2241 1592 [omn
2282 1499 2517 1592 MSS]

2301 1641 2385 1708 12
2426 1639 2633 1710 ὅσα.
2722 1643 2810 1709 26
2854 1641 3065 1710 Hm:
3112 1641 3241 1710 VI.
3311 1642 3525 1710 1448.

943 1779 1288 1849 Universis
1313 1781 1532 1848 sancte
1557 1779 1786 1846 meh-is
1811 1777 2070 1847 ecclesie
2103 1777 2258 1846 filiis
2298 1779 2385 1847 ad
2428 1799 2705 1868 quorum
2744 1778 3053 1848 noticiam
3078 1785 3404 1868 presentes
3430 1779 3618 1848 litere

855 1917 1268 2008 pervenerint
1323 1917 1808 1985 archidiaconus
1863 1921 1932 1984 et
1987 1915 2346 2004 capitulum
2388 1916 2647 1986 ecclesie
2698 1915 3083 1986 cathedralis
3126 1915 3616 1985 Lmsvmvsrs

858 2054 1136 2125 salutem
1160 2054 1234 2120 in
1263 2077 1338 2122 eo
1367 2053 1482 2142 qui
1511 2058 1608 2121 est
1635 2051 1929 2121 omnium
1956 2075 2109 2121 vera
2137 2053 2327 2122 salus.
3226 2011 3243 2040 ⁸

943 2191 1278 2262 Noveiitis
1303 2214 1424 2262 nos
1447 2191 1802 2280 inspexisse
1841 2189 2154 2278 scriptum
2193 2190 2533 2260 reverendi
2552 2284 2555 2288 ι
2573 2192 2646 2258 in
2688 2189 2947 2260 Christo
2986 2192 3193 2280 patris
3232 2195 3303 2260 et
3342 2189 3617 2261 Domini

856 2330 1108 2400 domini
1135 2331 1486 2400 Nrcnoul
1513 2328 1930 2418 permissione
1957 2328 2180 2396 divim.
2207 2327 2695 2398 mevmaems
2724 2329 3005 2418 episcopi
3030 2330 3106 2398 in
3130 2329 3251 2400 heo
3276 2328 3493 2398 verba.

943 2469 1350 2538 Nmnonus
1382 2465 1800 2555 permissione
1841 2465 2067 2536 divina
2111 2516 2727 2536 ..........
2772 2489 2947 2536 anno
2988 2467 3281 2555 septimo.
3406 2464 3615 2557 [Vide

857 2605 986 2674 No.
1041 2600 1506 2694 CCCLXVL]

945 2742 1128 2818 Quas
1155 2743 1420 2831 quidem
1447 2743 1914 2812 concessionem
1947 2741 2371 2810 tradicionem
2398 2745 2466 2808 et
2492 2741 2931 2810 dimissionem
2964 2741 3158 2808 modo
3196 2762 3330 2829 quo
3366 2741 3613 2829 profer-

853 2886 966 2951 tur
1009 2881 1216 2950 factas
1260 2881 1455 2950 utiles
1499 2880 1640 2949 fore
1685 2883 2060 2969 reputantes
2102 2879 2347 2967 pariter
2385 2884 2454 2948 et
2490 2878 2792 2949 honestas
2828 2903 2905 2948 ac
2942 2879 3015 2948 in
3054 2879 3237 2948 nullo
3276 2877 3465 2948 nobis
3500 2882 3617 2949 aut

857 3019 1318 3089 successoribus
1343 3020 1582 3088 nostris
1607 3018 2062 3107 prejudiciales
2097 3022 2382 3085 tractatu
2420 3018 2591 3085 inter
2628 3040 2748 3086 nos
2780 3016 2853 3085 in
2887 3019 3081 3085 domo
3115 3022 3335 3085 nostro
3371 3018 3620 3105 capitu-

855 3159 979 3227 lari
999 3158 1487 3227 LANDAszsxs
1517 3156 1631 3245 qui
1658 3156 1731 3224 in
1757 3154 2136 3244 hujusmodi
2159 3154 2628 3223 concessionem
2648 3155 3071 3224 tradicionem
3092 3160 3159 3224 et
3180 3154 3621 3225 dimissionem

853 3296 1206 3384 requiritur
1248 3293 1462 3382 sepius
1501 3291 1841 3383 prehabito
1883 3293 2056 3381 ipsas
2099 3294 2568 3361 concessionem
2610 3294 3035 3361 tradicionem
3074 3296 3143 3361 et
3180 3292 3623 3361 dimissionem

855 3432 978 3501 sub
1011 3432 1224 3501 forms
1257 3432 1330 3499 in
1365 3432 1538 3499 dioto
1575 3430 1810 3518 scripto
1849 3434 2153 3498 contente.
2186 3430 2619 3518 approbamus
2652 3431 3048 3499 ratificamus
3080 3431 3154 3498 in
3190 3434 3511 3519 quantum
3544 3430 3619 3499 in

854 3570 1043 3639 nobis
1071 3574 1170 3638 est
1196 3574 1418 3637 tenore
1445 3568 1846 3659 presencium
1875 3568 2345 3636 confirmamus.
2435 3568 2523 3635 In
2544 3566 2727 3637 ouius
2746 3568 2843 3637 rei
2862 3568 3309 3637 testimonium
3328 3566 3622 3656 sigillum

855 3672 1162 3775 nostrum
1201 3730 1540 3775 commune
1594 3704 1998 3795 presentibus
2054 3705 2362 3773 duximus
2418 3706 2893 3793 apponendum.
2984 3704 3238 3774 Datum
3293 3704 3366 3772 in
3421 3705 3619 3773 domo

856 3851 1079 3915 nostra
1127 3846 1468 3935 capitulari
1517 3846 2006 3915 LANnAvnNSIs
2056 3845 2437 3913 duodecimo
2488 3845 2595 3913 die
2642 3843 2883 3912 mensis
2930 3842 2979 3911 J
2978 3843 3101 3910 ulii
3148 3864 3320 3911 anno
3372 3840 3624 3910 domini

747 3958 758 3969 ’
858 3984 1202 4052 mmesimo
1232 3984 1871 4073 quadringentesimo
1900 3985 2395 4073 quadragesimo
2424 3989 2668 4053 octavo.

927 4101 1118 4203 Seal,
1147 4124 1264 4189 red
1290 4144 1455 4189 wax.
1546 4120 1696 4191 Has
1722 4121 1889 4190 been
1925 4094 1965 4190 a
1998 4122 2268 4210 pointed
2311 4123 2477 4205 oval,
2522 4122 2723 4191 about
2763 4120 2946 4189 three
2988 4118 3211 4188 inches
3250 4118 3326 4187 in
3366 4116 3619 4207 length.

859 4258 1004 4329 'l'ho
1075 4260 1271 4329 lower
1341 4261 1474 4328 and
1543 4260 1914 4351 remaining
1983 4262 2317 4351 fragment
2380 4266 2739 4351 represents
2806 4260 2921 4329 the
2982 4264 3145 4329 west
3206 4260 3389 4329 front
3444 4258 3516 4327 of
3579 4281 3622 4327 a

861 4396 1230 4480 cathodi-al,
1271 4398 1432 4465 with
1470 4420 1512 4465 a
1548 4399 1736 4481 door3
1798 4399 2000 4469 above
2042 4400 2118 4483 it,
2163 4400 2345 4468 three
2388 4400 2725 4481 windows3
2788 4401 2923 4468 and
2962 4396 3037 4467 in
3078 4396 3194 4466 the
3236 4396 3449 4487 gable,
3492 4400 3624 4465 two
3760 4464 3773 4469 -

857 4536 1170 4605 windows
1195 4538 1330 4605 and
1357 4559 1397 4603 a
1423 4536 1607 4625 large
1635 4538 1982 4624 quatrefoil
2010 4538 2230 4607 above.
2320 4538 2463 4607 The
2504 4562 2673 4607 cross
2710 4560 2797 4605 on
2830 4536 2945 4605 the
2982 4558 3151 4625 apex
3176 4534 3250 4605 of
3288 4535 3404 4603 the
3424 4532 3625 4648 gsble

858 4673 917 4742 is
941 4673 1276 4762 projected
1303 4696 1481 4763 upon
1507 4672 1686 4741 what
1714 4696 1917 4742 seems
1942 4680 2013 4743 to
2039 4674 2206 4743 have
2234 4676 2645 4765 represented
2687 4700 2729 4744 a
2770 4674 3016 4745 centra-l
3042 4679 3259 4744 tower.
3349 4670 3470 4741 All
3510 4670 3625 4739 the

851 4810 1176 4901 openings
1201 4811 1421 4881 shown
1447 4834 1559 4880 are
1583 4814 1797 4881 round
1822 4812 2090 4881 headed.
