4418 5888
3329 769 3460 836 293

802 1071 1297 1186 imperpetuum.
1386 1090 1482 1161 Et
1506 1113 1625 1180 pro
1652 1091 1911 1158 defectu
1950 1090 2097 1158 talis
2135 1090 2349 1158 exitus
2378 1089 2465 1156 ad
2491 1109 2682 1156 usum
2711 1087 2984 1156 Romam
3014 1087 3239 1157 Onam
3266 1089 3389 1158 filii
3413 1089 3546 1158 mei

800 1233 1079 1324 imiofis
1106 1238 1175 1303 et
1212 1231 1557 1303 heredibus
1596 1228 1967 1298 masculinis
2007 1228 2091 1294 de
2130 1249 2390 1315 corpore
2435 1249 2550 1296 suo
2591 1226 2883 1316 legitime
2923 1228 3270 1316 procreatis
3307 1229 3545 1316 imper-

804 1377 1095 1462 petuum.
1182 1369 1280 1438 Et
1332 1393 1453 1458 pro
1508 1367 1769 1436 defectu
1822 1365 1975 1434 talis
2030 1366 2244 1432 exitus
2299 1365 2476 1452 quod
2531 1364 2750 1432 omnia
2805 1365 3094 1452 predicta
3149 1365 3438 1434 maneria
3479 1369 3548 1434 et

804 1515 1013 1578 setara
1066 1509 1377 1596 premissa
1431 1530 1582 1578 oum
1636 1504 2045 1595 pertinentiis
2090 1504 2346 1592 integre
2371 1507 2764 1584 ,remaneant
2805 1507 2874 1570 et
2911 1506 3318 1572 revertantur
3357 1504 3550 1572 reetis

802 1647 1146 1716 heredibus
1224 1646 1357 1714 mei
1436 1641 1711 1732 predicti
1790 1643 2025 1712 Hom
2106 1643 2582 1730 imperpetuum
2664 1642 2746 1708 de
2816 1639 3200 1728 capitalibus
3267 1641 3550 1711 dominis

805 1785 1145 1852 feodorum
1187 1783 1451 1850 illorum
1498 1803 1616 1869 per
1663 1780 1957 1848 redditus
2004 1783 2073 1846 et
2122 1777 2388 1847 servicia
2442 1778 2595 1846 inde
2651 1778 2832 1866 prius
2887 1777 3108 1848 debita
3155 1783 3224 1847 et
3271 1780 3356 1848 de
3401 1781 3552 1869 jure

808 1927 1127 1990 eonsueta.
1215 1920 1313 1987 Et
1338 1942 1461 2008 ego
1488 1940 1640 1987 vero
1666 1917 1991 2007 prediatus
2020 1916 2306 1984 Hostus
2335 1920 2402 1983 et
2427 1915 2694 1982 heredes
2729 1915 2862 1984 mei
2901 1915 3189 2004 predicta
3229 1917 3552 2006 burg-agia

808 2061 1080 2128 dimidia
1114 2057 1437 2148 burgagis
1480 2055 1769 2124 maneria
1804 2060 2007 2122 terras
2046 2059 2114 2121 et
2160 2058 2368 2121 cetera.
2413 2054 2720 2140 premissa
2770 2076 2918 2121 cum
2957 2055 3366 2142 pertinentiis
3405 2080 3550 2144 pre·

806 2199 963 2265 fatis
1031 2195 1468 2264 mmmm
1524 2197 1593 2262 et
1646 2193 1693 2262 J
1692 2215 1903 2260 Aooso
1958 2190 2304 2259 heredibus
2367 2195 2436 2258 et
2499 2191 2842 2280 assignetis
2909 2216 3134 2260 eorum
3203 2195 3290 2262 ad
3359 2217 3554 2264 usum

806 2305 1169 2423 predictum
1226 2338 1451 2402 eontra
1506 2353 1727 2399 omnes
1784 2333 2013 2418 gentes
2070 2326 2630 2395 warantizabimus
2685 2332 2753 2396 et
2808 2328 3287 2418 imperpetuum
3327 2334 3552 2402 defen-

808 2473 1037 2546 demus
1105 2493 1221 2558 per
1290 2472 1631 2558 presentes.
1740 2465 1973 2534 Sciatis
2042 2464 2305 2552 insuper
2373 2488 2481 2533 me
2550 2466 2893 2555 prefatum,
2951 2467 3261 2538 Honntm
3331 2471 3557 2542 fecisse

808 2610 1135 2677 ordinasse
1162 2607 1501 2696 deputasse
1544 2610 1611 2673 et
1654 2605 1791 2672 vioe
1834 2608 1902 2672 et
1942 2603 2205 2672 nomine
2233 2625 2378 2670 meo
2406 2603 2690 2690 posuisse
2717 2605 2981 2673 dilectos
3007 2607 3173 2674 mihi
3199 2609 3271 2675 in
3301 2608 3558 2680 Christo

812 2747 1122 2815 Hosmm
1164 2769 1249 2833 ap
1290 2743 1339 2812 J
1340 2765 1484 2810 0111«
1528 2745 1615 2810 de
1652 2741 2221 2810 Immsnsrnnm
2275 2745 2341 2808 et
2389 2739 2436 2806 J
2437 2762 2724 2808 ΔΝΕΚΥΝ
2771 2765 2854 2830 ap
2905 2742 3152 2812 Emori
3198 2748 3280 2814 de
3325 2747 3556 2816 Imm-

812 2905 1044 2953 noens
1072 2905 1311 2971 yomen
1338 2903 1515 2949 meos
1542 2903 1723 2949 veros
1752 2884 1818 2948 et
1855 2878 2182 2968 legitimos
2225 2880 2580 2944 attornatos
2623 2879 3020 2969 conjunctim
3063 2887 3132 2951 et
3171 2883 3432 2954 divisim
3473 2888 3560 2956 sd
3653 2874 3656 2878 ’

722 3088 739 3113 Ι
810 3022 1191 3089 intrandum
1260 3020 1399 3111 viee
1470 3023 1539 3086 et
1595 3018 1859 3085 nomine
1918 3040 2061 3083 meo
2121 3018 2202 3083 de
2259 3020 2328 3083 et
2382 3017 2454 3084 in
2512 3018 2810 3087 omnibus
2865 3020 3168 3107 predictis
3221 3022 3559 3115 burgagiis

811 3118 1117 3227 maneriis
1142 3156 1329 3223 terris
1357 3160 1425 3223 et
1450 3154 1676 3223 ceteris
1702 3153 2025 3241 premissis
2064 3176 2212 3219 oum
2254 3155 2666 3241 pertinenciis
2709 3161 2776 3225 et
2815 3157 3076 3244 plenam
3119 3163 3186 3228 et
3225 3162 3558 3249 pacificam

812 3294 1268 3382 possessionem
1296 3297 1365 3360 et
1391 3292 1691 3359 seisinam
1728 3291 1883 3357 inde
1910 3292 2048 3357 vioe
2078 3294 2145 3357 et
2172 3292 2434 3359 nomine
2462 3314 2606 3358 meo
2635 3293 3018 3379 capiendum
3045 3318 3118 3363 ao
3145 3300 3558 3385 postmodum

812 3433 899 3499 ad
925 3429 1415 3498 deliberandum
1442 3429 1703 3516 plenam
1733 3433 1800 3497 et
1825 3428 2158 3515 pacificam
2184 3429 2642 3515 possessionem
2671 3436 2738 3497 et
2775 3432 3075 3501 seisinam
3114 3434 3270 3503 inde
3311 3436 3450 3505 vioe
3492 3442 3560 3506 et

814 3566 1079 3635 nomine
1118 3587 1265 3635 meo
1305 3566 1575 3655 prefatis
1608 3567 2043 3633 Annmnno
2086 3570 2153 3633 et
2194 3565 2242 3633 J
2243 3587 2451 3633 Aooso
2491 3566 2833 3635 heredibus
2860 3574 2928 3635 et
2953 3571 3296 3659 assignatis
3321 3573 3558 3663 imper-

812 3709 1085 3793 petuum
1124 3704 1478 3771 seeundum
1518 3704 1653 3771 vim
1690 3703 1969 3769 sormam
1998 3706 2064 3769 et
2091 3704 2395 3771 effectum
2421 3664 2624 3793 liujus
2649 3706 2962 3791 presentis
2988 3714 3160 3777 oarte
3185 3711 3316 3777 mei
3343 3718 3561 3781 ratum

814 3846 1078 3931 gratum
1135 3845 1330 3929 atque
1380 3841 1643 3907 firmum
1698 3838 2045 3908 habentem
2103 3845 2171 3907 et
2226 3838 2602 3907 habiturum
2658 3844 2870 3908 totum
2919 3866 2994 3911 ao
3051 3844 3359 3933 quioquid
3402 3851 3560 3921 dicti

814 3978 1126 4047 attornati
1174 3978 1304 4046 mei
1361 3976 1762 4067 conjunctim
1820 3982 1887 4045 et
1944 3978 2203 4045 divisim
2251 3978 2524 4045 fecerint
2572 3982 2690 4046 aut
2731 4002 2902 4047 unus
2951 4004 3172 4051 eorum
3221 3985 3448 4055 feeerit
3487 3990 3562 4058 in

813 4116 1139 4205 premissis
1194 4120 1313 4183 aut
1367 4114 1439 4183 in
1495 4114 1715 4203 aliquo
1770 4116 2224 4202 premissorum
2283 4115 2447 4182 siout
2503 4120 2760 4205 egomet
2803 4118 2875 4185 in
2922 4142 3070 4187 mea
3115 4125 3376 4212 propria
3415 4151 3592 4215 per...

818 4276 975 4323 sons.
1028 4253 1273 4321 ibidem
1320 4276 1581 4341 presens
1623 4254 2043 4341 personaliter
2086 4255 2476 4323 interessem.
2567 4254 2726 4321 Hiis
2773 4254 3044 4323 testibus
3087 4250 3563 4335 Onnis'rornno

818 4391 1287 4461 Tumnnvm
1362 4390 1619 4459 Tuom
1646 4414 1731 4479 ap
1758 4390 1807 4460 J
1806 4413 1951 4457 orm
1980 4392 2063 4457 de
2103 4390 2390 4458 Emona
2417 4391 2741 4479 generosis
2807 4390 3174 4463 R1cm1m0
3225 4397 3562 4471 (imum-u

820 4528 1188 4599 Rmmno
1239 4528 1561 4596 Hsrzm
1606 4529 1689 4595 de
1733 4526 2268 4595 LLANYLTWYDD
2314 4534 2380 4596 et
2429 4528 2820 4597 Wrnnanuo
2878 4529 3134 4598 Hoeon
3191 4536 3273 4601 de
3329 4536 3564 4607 Iamn-

822 4688 1191 4735 anmmn
1234 4689 1473 4753 yomen
1518 4670 1587 4733 et
1634 4664 1859 4731 multis
1900 4664 2062 4731 aliis.
2132 4664 2384 4732 Datum
2426 4666 2618 4734 tertio
2661 4667 2767 4735 die
2805 4668 3120 4757 Augustii
3163 4694 3334 4743 anno
3375 4679 3567 4765 regni

823 4804 1031 4894 Regis
1072 4803 1387 4873 Hsmucl
1430 4804 1641 4871 octavi
1680 4806 1829 4891 post
1868 4809 2286 4890 oonquestum
2327 4802 2609 4871 Anam
2651 4805 2950 4876 vicesimo
2993 4814 3234 4879 octavo.
