4418 5888
969 649 1058 716 50

873 965 1144 1052 antiquo
1185 987 1304 1053 pro
1347 965 1580 1034 averiis
1623 965 1756 1034 suis
1797 965 2213 1056 pastui-andis
2248 970 2317 1034 et
2344 965 2491 1034 aliis
2518 953 2917 1034 aisiamenh‘s
2943 967 3016 1034 in
3044 965 3287 1035 eisdem
3314 965 3637 1038 habendis

871 1107 1064 1192 prout
1094 1102 1332 1172 habere
1359 1103 1653 1173 solebant
1679 1108 1970 1193 tempore
2007 1109 2483 1174 antecenorum
2524 1107 2913 1172 nostrorum.
3004 1103 3078 1172 N
3076 1127 3151 1174 cs
3177 1109 3399 1174 autem
3428 1107 3631 1176 dona-

869 1241 1088 1308 ciones
1129 1245 1196 1308 et
1239 1243 1672 1310 concessiones
1712 1242 2034 1332 predictas
2073 1251 2251 1312 ratas
2291 1242 2605 1310 habentes
2642 1249 2713 1310 et
2752 1247 2975 1332 gratas
3016 1265 3127 1312 eas
3166 1266 3287 1331 pro
3329 1243 3519 1313 nobis
3559 1249 3629 1314 et

869 1379 1218 1448 heredibus
1257 1380 1495 1448 nostris
1541 1381 1846 1469 predictis
1889 1380 2323 1470 burgensibus
2364 1381 2601 1449 nostris
2642 1381 3051 1448 concedimus
3078 1385 3145 1449 et
3174 1382 3629 1452 confirmamus

869 1541 980 1586 eas
1005 1537 1133 1604 que
1160 1523 1385 1588 tenore
1412 1520 1816 1607 presencium
1851 1519 2259 1589 innovamus.
2346 1518 2663 1588 Volentes
2706 1522 2775 1586 et
2816 1519 3237 1586 concedentes
3274 1543 3395 1608 pro
3437 1519 3627 1590 nobis

865 1671 938 1724 et
979 1655 1324 1726 heredibus
1371 1658 1610 1726 nostris
1661 1660 1837 1746 quod
1887 1663 2064 1728 carta
2110 1659 2405 1747 predicta
2445 1658 2519 1726 in
2560 1655 2864 1726 omnibus
2904 1663 2973 1724 et
3014 1657 3293 1745 singulis
3336 1657 3627 1726 articulis

863 1795 1002 1862 suis
1071 1795 1551 1884 imperpetuum
1623 1796 1898 1864 firmiter
1967 1801 2037 1865 et
2095 1795 2519 1864 immobiliter
2582 1793 2956 1863 observetur
3012 1794 3219 1862 eciam
3290 1795 3347 1862 si
3418 1797 3627 1886 aliqui

865 1933 1126 2000 articuli
1167 1934 1240 2000 in
1283 1933 1510 2001 eadem
1553 1939 1730 2002 carta
1773 1935 2062 2002 contenti
2105 1933 2237 2002 huc
2276 1955 2485 2023 usque
2526 1933 2803 2001 forsitan
2838 1955 2971 1999 non
3000 1931 3249 2000 fuerint
3282 1931 3621 2002 observati.

866 2069 956 2138 In
1015 2071 1121 2158 cuj
1130 2093 1206 2138 us
1267 2071 1362 2138 rei
1403 2071 1850 2140 testimonium
1893 2042 2046 2139 huic
2084 2071 2371 2161 presenti
2414 2074 2589 2138 carte
2632 2069 2931 2158 sigillum
2990 2069 3365 2138 cancellarie
3406 2073 3627 2140 nostre

867 2210 950 2276 de
978 2208 1352 2276 Kannmrr
1381 2210 1690 2278 duximus
1724 2212 2200 2300 apponendum.
2293 2209 2453 2278 Hiis
2494 2208 2768 2277 testibus
2808 2206 3284 2276 venerabilibus
3326 2208 3620 2296 patribus

867 2345 1196 2414 Hssnmoo
1234 2345 1467 2415 abbate
1511 2349 1592 2414 de
1635 2347 1948 2415 MARGAN
2005 2347 2265 2416 Tuom
2308 2345 2542 2415 abbate
2585 2347 2667 2414 de
2708 2343 2924 2414 Num
2980 2345 3245 2412 dominc
3286 2345 3335 2413 J
3335 2367 3623 2414 omnm:

867 2484 950 2553 de
979 2484 1346 2552 Covnn’rns
1375 2485 1822 2554 archidiacono
1849 2485 2305 2554 Lmnsvnnm
2342 2490 2409 2554 et
2452 2485 2715 2553 custode
2758 2482 3033 2552 dominii
3077 2482 3625 2554 Gmomanms

863 2627 934 2690 et
962 2621 1382 2692 Mommcm
1411 2623 1694 2691 dominis
1734 2623 2048 2692 Rmnoo
2091 2625 2176 2692 de
2218 2624 2770 2692 Tnunsunvunr.
2828 2619 2877 2688 J
2876 2643 3163 2688 omnus
3205 2622 3273 2690 le
3312 2622 3628 2692 Ncnmns

866 2760 913 2829 J
914 2783 1199 2828 ommim
1228 2763 1310 2830 de
1339 2761 1407 2830 la
1433 2761 1620 2830 Smin
1655 2748 1876 2830 ‘Emi
1904 2762 2166 2831 BAssn'r
2193 2761 2515 2831 militibus
2543 2765 2611 2828 et
2640 2761 2803 2829 aliis.

953 2911 1132 2981 Data
1177 2913 1354 3004 apud
1403 2911 1746 2981 Kummtr
1797 2912 2276 3003 quartodecimo
2319 2911 2425 2979 die
2466 2911 2711 2979 mensis
2750 2909 2919 2980 Maii
2962 2933 3137 2981 anno
3178 2912 3371 3003 regni
3414 2912 3625 3003 Regis

867 3050 1210 3119 Rumam
1241 3052 1421 3119 tertii
1447 3056 1594 3140 post
1623 3054 2051 3140 conquestum
2077 3051 2401 3119 tricedmc
2432 3054 2683 3140 quarto.

955 3170 1098 3270 Nos
1125 3224 1278 3269 vero
1305 3202 1599 3290 prefatus
1627 3201 1916 3270 Tuom
1943 3202 2008 3271 le
2035 3201 2447 3269 Dnsrnrzsun
2474 3201 2557 3268 de
2584 3200 2804 3289 grecia
2832 3202 3055 3268 nostra
3082 3200 3343 3290 speciali
3370 3224 3623 3269 conces·

865 3342 1068 3409 simus
1087 3342 1393 3430 predictis
1407 3340 1838 3430 burgensibus
1859 3340 2095 3409 nostris
2111 3344 2179 3408 et
2195 3360 2419 3408 eorum
2440 3338 2902 3406 successoribus
2919 3340 3092 3425 quod
3112 3338 3398 3406 habeant
3414 3361 3625 3407 unum

867 3502 1212 3548 messorem
1263 3502 1455 3567 super
1504 3480 1888 3568 (pasturam)
1931 3500 2154 3547 eorum
2195 3482 2493 3545 vocatam
2516 3474 2599 3543 'le
2642 3474 2895 3543 Buces
2930 3499 3057 3563 que
3100 3498 3169 3545 se
3211 3478 3509 3545 extendit
3548 3478 3623 3545 in

863 3617 1276 3705 longitudine
1326 3618 1409 3683 de
1455 3615 1730 3685 OArrur
1775 3640 1980 3703 usque
2026 3617 2112 3684 ed
2162 3614 2416 3683 Rudas
2468 3614 2551 3681 de
2595 3613 2876 3681 Con-111³·
2918 3618 2987 3681 et
3028 3615 3101 3682 in
3142 3614 3495 3683 latitudine
3539 3617 3623 3684 de

863 3754 1371 3823 Knvnmmmn
1396 3777 1599 3842 usque
1628 3778 1866 3842 aquam
1893 3756 2342 3823 decurrentem
2370 3752 2453 3821 de
2480 3750 3058 3820 Lownnxnsuonn
3088 3774 3291 3839 usque
3320 3751 3621 3820 Knmzo

866 3895 1130 3983 quidam
1173 3916 1416 3962 messor
1457 3895 1512 3962 si
1556 3895 1790 3983 aliquis
1830 3895 1992 3962 alios
2035 3896 2447 3983 preterquam
2486 3892 2839 3982 burgenses
2879 3892 3035 3960 ville
3076 3896 3295 3961 nostre
3331 3893 3619 3981 predicte

858 4034 1155 4105 inveniat
1198 4056 1390 4121 super
1439 4032 1681 4101 dictam
1729 4038 2062 4121 pasturam
2112 4036 2655 4121 manuoperantes
2704 4054 2853 4098 cum
2898 4053 3122 4099 eorum
3170 4031 3401 4099 averiis
3423 4114 3429 4119 ι
3450 4030 3623 4121 ipsos

862 4171 1208 4241 attachiari
1235 4170 1434 4239 faciat
1461 4175 1532 4239 et
1558 4170 2065 4239 attacbiamenta
2095 4174 2425 4260 presentet
2452 4170 2539 4236 ad
2564 4168 2973 4236 hundredam
3018 4168 3171 4237 ville
3213 4172 3431 4237 nostre
3470 4190 3617 4257 pre-

863 4308 1036 4377 dicte
1064 4314 1130 4377 et
1159 4309 1293 4378 sint
1319 4308 1414 4377 ibi
1443 4309 1774 4377 amerciati
1799 4308 2154 4376 secundum
2182 4307 2617 4395 quantitatem
2644 4306 2883 4375 delicti.

953 4472 1395 4542 concessimus
1419 4474 1686 4560 insuper
1711 4470 2018 4561 predictis
2043 4468 2476 4559 burgensibus
2500 4469 2739 4537 nostris
2780 4473 2849 4537 et
2892 4492 3117 4537 eorum
3158 4468 3622 4539 successoribus

862 4634 1064 4679 unam
1092 4616 1426 4702 pasturam
1454 4632 1862 4679 communem
1891 4616 2184 4679 vocatam
2209 4609 2277 4678 le
2303 4609 2555 4677 Douma
2584 4608 2670 4677 de
2696 4606 3000 4675 Kanna
3040 4630 3167 4695 que
3210 4630 3279 4677 se
3324 4608 3625 4677 extendit
