4418 5888
1023 797 1110 861 30

928 1113 1276 1180 conventui
1347 1114 1521 1200 quod
1591 1111 1718 1201 ipsi
1787 1113 2117 1181 ecclesiam
2187 1113 2372 1182 illam
2435 1114 2969 1202 quandocumque
3026 1135 3173 1182 eam
3228 1137 3347 1202 per
3402 1119 3679 1182 mortem

929 1251 1276 1318 cessionem
1296 1251 1400 1317 vel
1427 1251 1935 1338 resignacionem
1956 1273 2180 1318 vacue
2199 1250 2547 1340 contigerit
2566 1251 2717 1318 licet
2737 1251 2823 1318 ad
2844 1273 2988 1320 eam
3008 1275 3141 1319 non
3162 1251 3673 1340 presentaverint

925 1388 1336 1476 appropriare
1365 1393 1432 1455 et
1461 1409 1606 1454 eam
1648 1389 1737 1454 sic
1779 1391 2260 1478 appropriatam
2302 1390 2373 1456 in
2415 1389 2706 1478 proprios
2747 1411 2903 1456 usus
2928 1397 3149 1456 tenere
3175 1389 3422 1477 possint
3452 1388 3575 1456 sibi
3602 1392 3673 1456 et

921 1523 1382 1593 successoribus
1407 1525 1541 1592 suis
1569 1526 1654 1593 ad
1681 1525 1870 1594 aliter
1897 1550 2014 1614 pro
2042 1527 2287 1596 salubri
2313 1532 2489 1595 statu
2516 1531 2737 1594 nostro
2764 1527 2923 1593 dum
2952 1527 3233 1594 viximus
3262 1533 3331 1593 et
3357 1525 3671 1593 heredum

917 1675 1284 1730 nostrorum
1327 1686 1400 1730 ac
1443 1663 1632 1751 regni
1675 1664 1880 1731 nostri
1919 1664 2201 1732 Anaua
2246 1687 2497 1733 necnon
2538 1688 2657 1753 pro
2696 1665 2916 1732 anima
2953 1667 3173 1731 nostra
3200 1686 3348 1732 cum
3376 1663 3499 1732 hac
3524 1663 3669 1730 lnce

918 1801 1410 1890 migraverimus
1460 1807 1526 1867 et
1578 1801 1916 1868 animabus
1963 1803 2255 1868 omnium
2305 1803 2793 1891 progenitorum
2835 1805 2904 1868 et
2945 1800 3259 1868 heredum
3298 1805 3669 1868 nostrorum

913 1939 1331 2025 omniumque
1371 1938 1665 2006 fidelium
1707 1939 2162 2006 defunctorum
2204 1943 2271 2006 et
2322 1939 2407 2006 ad
2476 1937 2871 2028 [ordinanda
2888 1937 2955 2028 P]
3024 1939 3118 2006 eis
3166 1961 3281 2026 per
3331 1938 3663 2027 prefatum

914 2075 1334 2143 EDWARDUM
1377 2076 1626 2144 ratione
1665 2076 1822 2152 doni
1850 2075 1944 2143 eis
1968 2077 2050 2143 de
2078 2077 2501 2144 advocacione
2527 2077 2819 2165 predicta
2844 2077 3003 2144 facti
3026 2067 3331 2165 imposita
3358 2076 3663 2144 continue

909 2214 1276 2281 faciendum
1315 2221 1383 2282 et
1425 2215 1940 2302 supportandum
1988 2215 2467 2303 imperpetuum
2506 2215 2644 2282 sine
2688 2215 3012 2282 occasione
3054 2215 3160 2281 vel
3200 2213 3667 2302 impedimento

909 2353 1113 2419 nostri
1157 2355 1260 2418 vel
1303 2351 1616 2418 heredum
1657 2357 2024 2419 nostrorum
2065 2375 2089 2439 J
2098 2352 2569 2420 usticiariorum
2613 2356 3005 2420 escaetorum
3049 2352 3497 2419 vicecomitum
3544 2353 3662 2418 ant

906 2489 1181 2556 aliorum
1239 2489 1626 2557 ballivorum
1693 2511 1810 2556 seu
1877 2490 2321 2556 ministrorum
2384 2497 2753 2556 nostrorum
2826 2510 3354 2576 quorumcunque
3412 2491 3659 2556 statuto

907 2627 1193 2714 predicto
1237 2649 1350 2693 seu
1393 2649 1468 2694 eo
1511 2628 1686 2714 quod
1735 2627 1910 2694 dicta
1953 2627 2289 2693 advocacio
2333 2627 2416 2693 de
2459 2626 2645 2694 nobis
2688 2630 2949 2693 tenetur
2990 2629 3067 2693 ut
3110 2629 3207 2692 est
3250 2627 3500 2693 dictum
3541 2628 3657 2692 aut

903 2764 1386 2851 recuperacione
1414 2764 1702 2852 predicta
1729 2786 1860 2830 non
1885 2761 2180 2830 obstante
2207 2764 2279 2830 in
2302 2761 2408 2851 cuj
2412 2785 2490 2830 ns
2518 2769 2635 2830 etc.
2707 2761 2899 2829 Teste
2928 2761 3115 2851 Rege
3144 2763 3322 2850 apud
3352 2760 3655 2828 Eum

903 2923 1148 2969 xxvm.
1199 2903 1304 2970 die
1348 2900 1660 2970 Octobris,
1753 2901 1882 2969 Per
1909 2901 2163 2969 literam
2193 2901 2398 2990 ipsius
2424 2901 2603 2989 reg-is·
2625 2901 2707 2969 de
2738 2900 3011 2989 signeto,

2166 3278 2389 3347 0001.

1027 3441 1681 3512 AROHDEAOON
1747 3440 1854 3508 R:
1919 3438 2050 3507 DE
2117 3438 2249 3507 LA
2314 3439 2583 3508 MORE
2648 3440 3269 3509 OONGERNING
3338 3438 3540 3509 THE

1816 3576 2222 3644 CHUROH
2274 3576 2395 3643 OF
2438 3576 2730 3646 AVAN.

1733 3738 2022 3829 [HARL:
2071 3739 2357 3806 cmm:
2412 3741 2497 3805 '75
2545 3742 2627 3805 A.
2678 3738 2819 3829 33.]

3023 3891 3064 3956 5
3109 3889 3323 3971 JUNE,
3371 3890 3561 3958 1385.

990 4053 1332 4121 Universis
1359 4056 1576 4117 sancte
1602 4054 1830 4119 matris
1857 4052 2111 4119 ecclesie
2142 4052 2294 4125 filiis
2322 4054 2408 4119 ad
2450 4076 2726 4140 quorum
2758 4054 3064 4121 noticiam
3100 4056 3427 4141 presentes
3464 4054 3651 4121 litere

901 4178 1313 4281 pervenerint
1335 4188 1695 4255 Rosam-trs
1717 4190 1798 4256 de
1829 4190 1896 4256 la
1922 4189 2131 4257 Mona
2155 4190 2637 4257 archidiaconus
2656 4190 3143 4259 Lmnmmsm
3170 4192 3445 4259 salutem
3472 4191 3545 4258 in
3572 4212 3649 4258 eo

901 4332 1016 4420 qui
1045 4336 1141 4397 est
1171 4330 1459 4395 omnium
1502 4350 1654 4394 vera
1697 4328 1885 4393 salus.
1975 4326 2411 4394 Universitati
2453 4332 2661 4393 vestre
2706 4332 2933 4395 notum
2977 4329 3245 4396 facimus
3280 4330 3454 4417 quod
3498 4350 3649 4396 cum

899 4468 1288 4537 reverendus
1329 4465 1400 4531 in
1446 4464 1700 4531 Christo
1743 4470 1926 4551 pater
1971 4469 2035 4530 et
2075 4464 2376 4529 dominus
2418 4462 2706 4529 TnouAs
2744 4463 2874 4530 Dei
2908 4466 3122 4554 gratia
3160 4466 3648 4534 LANDAVENSIS

901 4609 1232 4697 episcopus
1259 4606 1585 4673 ecclesiam
1613 4603 2042 4691 parochialem
2071 4606 2152 4671 de
2195 4608 2447 4671 Avnxn
2488 4604 2973 4673 LANnAmNs1s
3015 4604 3283 4671 diocesis
3324 4627 3407 4671 ex
3440 4604 3649 4671 causis

900 4745 1069 4813 veris
1095 4741 1555 4811 sufficientibus
1581 4746 1648 4808 et
1675 4740 1986 4828 legitimis
2013 4734 2329 4829 religiosis
2358 4741 2511 4807 viris
2540 4742 2759 4810 abbati
2786 4747 2853 4811 et
2882 4742 3229 4809 conventui
3267 4740 3647 4810 monasterii
