4418 5888
929 697 1018 764 38

831 1015 1301 1100 competentem
1329 1013 1684 1080 terminum
1721 1036 1916 1100 quem
1945 1014 2037 1081 eis
2065 1015 2151 1082 ad
2178 1014 2301 1082 hcc
2338 1016 2765 1103 peremptorie
2808 1017 3069 1084 duxeris
3110 1017 3582 1106 pmfigendum,

829 1154 1069 1216 extunc
1120 1150 1192 1217 in
1243 1172 1350 1217 ecs
1395 1151 1766 1239 generalem
1816 1153 2495 1220 excommunicationis
2537 1155 2927 1222 sententiam
2969 1155 3276 1244 proferas,
3322 1161 3389 1222 et
3432 1178 3579 1224 eam

829 1286 1026 1354 facias
1063 1286 1179 1354 ubi
1222 1291 1290 1354 et
1331 1289 1592 1374 quando
1635 1288 1938 1376 expedire
1981 1289 2219 1355 videris
2262 1311 2465 1376 usque
2508 1291 2595 1357 acl
2640 1291 3147 1360 satisfactionem
3190 1249 3583 1379 condignam

827 1424 1204 1492 solemniter
1230 1423 1564 1512 publicari.

915 1561 1168 1630 Datum
1220 1561 1425 1628 Rom:
1479 1563 1654 1651 apud
1705 1571 2000 1631 sanctum
2051 1565 2347 1632 Pmmm
2398 1563 2513 1652 viij
2561 1565 2875 1633 kalendas
2914 1565 2963 1634 J
2962 1567 3123 1648 unii,
3167 1569 3581 1656 pontificatus

824 1700 1030 1767 nosti-i
1058 1723 1230 1768 anno
1261 1701 1510 1788 quinto.
1602 1701 2023 1770 Bomracms
2053 1725 2177 1770 P.P.
2213 1725 2395 1770 vnn.

2036 1965 2366 2035 GOOVII.

911 2125 1526 2200 INQUISITION
1583 2127 1903 2194 AFTER
1969 2126 2171 2194 THE
2230 2127 2659 2196 DEOEASE
2720 2128 2843 2196 OF
2900 2131 2947 2197 J
2949 2129 3168 2214 OAN,
3230 2131 3488 2202 WIFE

1609 2267 1729 2334 OF
1803 2267 2154 2335 HENRY
2230 2267 2789 2336 GREYNDUR.

1300 2416 1715 2507 [Onanciimr
1758 2418 2020 2488 Inoms.
2071 2439 2208 2485 PM.
2265 2419 2364 2485 18.
2458 2416 2542 2485 R.
2588 2417 2689 2485 11.
2780 2417 2910 2485 Nc.
2963 2417 3102 2506 19.]

2193 2569 2278 2632 25
2310 2566 2497 2649 JAN„
2528 2570 2571 2633 4
2602 2567 2769 2634 Fun.
2866 2569 2949 2634 18
2979 2567 3064 2635 R.
3096 2567 3196 2635 11.
3292 2569 3480 2635 1395.

908 2714 1259 2783 Ricamms
1309 2715 1441 2783 Dei
1486 2717 1702 2804 gratia
1753 2716 1900 2783 Rex
1947 2717 2228 2784 Anam
2282 2721 2344 2784 et
2390 2717 2703 2784 ancm
2748 2723 2815 2785 et
2858 2718 3161 2784 dominus
3202 2717 3569 2786 Hmimimi

817 2855 1123 2922 escaetori
1165 2877 1280 2920 suo
1323 2855 1396 2920 in
1448 2857 1758 2922 comitatu
1806 2853 2199 2922 WYGoRNm
2248 2855 2543 2922 salutem.
2638 2856 2812 2929 Quia
2861 2854 2908 2923 J
2908 2877 3197 2922 OHANNA
3255 2879 3381 2942 que
3438 2855 3568 2924 fuit

813 3016 980 3061 uxor
1038 2993 1350 3059 Hmsmm
1412 2992 1805 3062 GREYNDUR
1869 3016 1994 3080 que
2052 2995 2134 3060 de
2193 2993 2379 3060 nobis
2440 2993 2655 3060 tenuit
2711 2994 2779 3059 in
2840 2993 3049 3081 capite
3108 2993 3283 3059 diem
3340 2994 3569 3061 clausit

813 3136 1178 3199 extremum
1220 3136 1298 3199 ut
1341 3133 1702 3220 accepimus
1738 3130 1861 3197 tibi
1889 3132 2279 3220 precipimus
2308 3134 2482 3219 quod
2511 3132 2730 3198 omnia
2758 3136 2961 3197 terras
2990 3137 3058 3199 et
3084 3136 3458 3199 tenementa
3485 3134 3569 3199 de

811 3270 1048 3357 quibus
1090 3272 1317 3337 eadem
1358 3270 1406 3337 J
1407 3292 1696 3335 OHANNA
1741 3268 1902 3335 obiit
1945 3270 2163 3335 seisita
2189 3271 2263 3335 in
2292 3270 2615 3337 dominico
2644 3292 2760 3336 suo
2790 3273 2867 3336 ut
2894 3270 2977 3335 de
3006 3270 3196 3335 feodo
3226 3269 3295 3335 in
3326 3269 3566 3337 ballivo.

811 3412 929 3475 tua
981 3408 1088 3474 die
1134 3431 1263 3495 quo
1315 3407 1477 3474 obiit
1521 3407 1659 3473 sine
1712 3406 2023 3473 dilatione
2073 3407 2289 3494 capias
2332 3408 2405 3473 in
2461 3430 2731 3475 manum
2780 3412 3071 3474 nostram
3129 3411 3195 3475 et
3252 3430 3331 3474 ea
3388 3408 3565 3474 salvo

811 3546 1118 3613 custodiri
1167 3546 1368 3613 facias
1417 3547 1620 3613 donec
1668 3545 1850 3611 aliud
1892 3545 2046 3611 inde
2097 3545 2503 3633 precipimus.
2594 3544 2691 3612 Et
2735 3568 2851 3633 pei·
2896 3549 3369 3612 sacramentum
3415 3566 3561 3633 prc-

808 3683 1039 3750 borum
1099 3688 1165 3750 et
1224 3684 1537 3771 legalium
1593 3683 1936 3752 hominum
1986 3684 2068 3749 de
2116 3684 2292 3750 dicta
2336 3682 2579 3750 balliva
2633 3686 2751 3748 fiiis
2798 3704 2915 3770 per
2961 3704 3121 3768 quos
3169 3682 3266 3749 rei
3322 3682 3559 3749 veritas

808 3822 1043 3889 melius
1085 3821 1232 3887 sciri
1273 3822 1514 3907 poterit
1557 3822 1908 3907 diligenter
1941 3822 2233 3907 inquiras
2261 3825 2582 3907 quantum
2611 3826 2814 3887 terras
2841 3823 2909 3886 et
2934 3824 3309 3887 tenemento.
3334 3820 3561 3887 eadem

809 3958 857 4025 J
858 3980 1144 4025 οΗΑΝΝΑ
1181 3960 1396 4023 tenuit
1439 3959 1520 4025 de
1563 3957 1750 4024 nobis
1791 3958 1862 4024 in
1909 3958 2120 4045 capiize
2161 3963 2301 4024 tam
2344 3958 2413 4023 in
2459 3958 2782 4026 dominico
2826 3980 3023 4044 quam
3064 3958 3137 4023 in
3180 3957 3444 4025 servicio
3486 3958 3559 4024 in

810 4096 985 4162 dicta
1041 4094 1284 4161 balliva
1339 4102 1456 4161 tua
1513 4096 1686 4162 dicto
1744 4096 1852 4161 die
1910 4119 2038 4183 quo
2091 4095 2255 4163 obiit
2301 4100 2369 4163 et
2417 4102 2737 4183 quantum
2788 4096 2871 4163 de
2918 4094 3063 4161 aliis
3113 4098 3181 4161 et
3224 4118 3341 4182 pei·
3388 4095 3561 4182 quod

810 4233 1149 4299 servicium
1209 4237 1275 4298 et
1334 4238 1654 4319 quantum
1713 4239 1882 4299 terre
1955 4239 2021 4300 et
2085 4239 2461 4300 tenementa
2519 4234 2636 4299 illa
2692 4233 2953 4299 valeant
3011 4256 3127 4319 per
3183 4254 3432 4299 annum
3488 4232 3561 4297 in

809 4368 1110 4437 omnibus
1140 4368 1420 4435 exitibus
1449 4374 1513 4435 et
1549 4391 1677 4455 quo
1720 4369 1827 4435 die
1871 4370 2098 4436 eadem
2142 4369 2189 4435 J
2189 4390 2479 4436 OHANNA
2522 4369 2683 4436 obiit
2726 4370 2873 4456 quis
2914 4369 3335 4457 propinquior
3374 4369 3559 4435 heres

807 4507 953 4594 ejus
1003 4507 1088 4573 sit
1139 4516 1207 4574 et
1250 4507 1438 4593 cujus
1484 4506 1694 4573 etatis.
1786 4506 1880 4573 Et
1932 4506 2419 4592 inquisitionem
2470 4508 2623 4573 inde
2670 4507 2971 4573 distincte
3016 4512 3085 4575 et
3128 4510 3289 4594 spte'
3320 4507 3557 4574 factam

805 4645 992 4712 nobis
1019 4646 1090 4711 in
1114 4645 1560 4711 cancellariam
1588 4649 1876 4710 nostram
1905 4642 2026 4711 sub
2055 4644 2272 4731 sigillo
2301 4649 2417 4710 tuo
2439 4649 2505 4711 et
2534 4645 2767 4731 sigillis
2794 4667 3017 4713 eorum
3046 4666 3161 4732 per
3188 4665 3349 4729 quos
3376 4642 3551 4709 facta
