<?xml version="1.0" encoding="UTF-8"?>
<!DOCTYPE html PUBLIC "-//W3C//DTD XHTML 1.0 Transitional//EN"
    "http://www.w3.org/TR/xhtml1/DTD/xhtml1-transitional.dtd">
<html xmlns="http://www.w3.org/1999/xhtml" xml:lang="en" lang="en">
 <head>
  <title>
</title>
<meta http-equiv="Content-Type" content="text/html;charset=utf-8" />
  <meta name='ocr-system' content='tesseract 3.04.00' />
  <meta name='ocr-capabilities' content='ocr_page ocr_carea ocr_par ocr_line ocrx_word'/>
</head>
<body>
  <div class='ocr_page' id='page_1' title='image "./cartetaliamunim00diogoog_0045.png"; bbox 0 0 4418 5888; ppageno 0'>
   <div class='ocr_carea' id='block_1_1' title="bbox 3306 851 3393 918">
    <p class='ocr_par' dir='ltr' id='par_1_1' title="bbox 3306 851 3393 918">
     <span class='ocr_line' id='line_1_1' title="bbox 3306 851 3393 918; baseline 0.011 -1"><span class='ocrx_word' id='word_1_1' title='bbox 3306 851 3393 918; x_wconf 82' lang='lat'><strong>21</strong></span> 
     </span>
    </p>
   </div>
   <div class='ocr_carea' id='block_1_2' title="bbox 735 1154 3481 1251">
    <p class='ocr_par' dir='ltr' id='par_1_2' title="bbox 735 1154 3481 1251">
     <span class='ocr_line' id='line_1_2' title="bbox 735 1154 3481 1251; baseline 0.003 -30"><span class='ocrx_word' id='word_1_2' title='bbox 735 1155 838 1221; x_wconf 88' lang='lat' dir='ltr'><strong>sui</strong></span> <span class='ocrx_word' id='word_1_3' title='bbox 857 1154 928 1221; x_wconf 91' lang='lat' dir='ltr'><strong>in</strong></span> <span class='ocrx_word' id='word_1_4' title='bbox 951 1158 1335 1242; x_wconf 87' lang='lat' dir='ltr'><strong>perpetuum</strong></span> <span class='ocrx_word' id='word_1_5' title='bbox 1355 1155 1613 1242; x_wconf 77' lang='lat' dir='ltr'><strong>capient</strong></span> <span class='ocrx_word' id='word_1_6' title='bbox 1634 1159 1701 1222; x_wconf 93' lang='lat' dir='ltr'><strong>et</strong></span> <span class='ocrx_word' id='word_1_7' title='bbox 1720 1155 2034 1244; x_wconf 72' lang='lat' dir='ltr'>recipiant</span> <span class='ocrx_word' id='word_1_8' title='bbox 2055 1180 2169 1224; x_wconf 90' lang='lat' dir='ltr'><strong>seu</strong></span> <span class='ocrx_word' id='word_1_9' title='bbox 2188 1158 2386 1245; x_wconf 86' lang='lat' dir='ltr'><strong>recipi</strong></span> <span class='ocrx_word' id='word_1_10' title='bbox 2414 1159 2659 1226; x_wconf 80' lang='lat' dir='ltr'><strong>faciant</strong></span> <span class='ocrx_word' id='word_1_11' title='bbox 2684 1160 2877 1228; x_wconf 87' lang='lat' dir='ltr'><strong>intoll</strong></span> <span class='ocrx_word' id='word_1_12' title='bbox 2905 1169 2972 1228; x_wconf 87' lang='lat' dir='ltr'><strong>et</strong></span> <span class='ocrx_word' id='word_1_13' title='bbox 3001 1161 3481 1251; x_wconf 69' lang='lat' dir='ltr'><strong>throughtollffl</strong></span> 
     </span>
    </p>
   </div>
   <div class='ocr_carea' id='block_1_3' title="bbox 645 1292 3499 3887">
    <p class='ocr_par' dir='ltr' id='par_1_3' title="bbox 645 1292 3499 3312">
     <span class='ocr_line' id='line_1_3' title="bbox 739 1292 3482 1384; baseline 0.004 -26"><span class='ocrx_word' id='word_1_14' title='bbox 739 1295 808 1359; x_wconf 88' lang='lat' dir='ltr'><strong>et</strong></span> <span class='ocrx_word' id='word_1_15' title='bbox 836 1292 996 1358; x_wconf 77' lang='lat' dir='ltr'><strong>alins</strong></span> <span class='ocrx_word' id='word_1_16' title='bbox 1037 1297 1362 1360; x_wconf 78' lang='lat' dir='ltr'><strong>custumes</strong></span> <span class='ocrx_word' id='word_1_17' title='bbox 1405 1297 1472 1359; x_wconf 89' lang='lat' dir='ltr'><strong>et</strong></span> <span class='ocrx_word' id='word_1_18' title='bbox 1514 1295 2007 1361; x_wconf 82' lang='lat' dir='ltr'><strong>consuetudines</strong></span> <span class='ocrx_word' id='word_1_19' title='bbox 2049 1296 2129 1362; x_wconf 90' lang='lat' dir='ltr'><strong>de</strong></span> <span class='ocrx_word' id='word_1_20' title='bbox 2174 1295 2661 1384; x_wconf 76' lang='lat' dir='ltr'><strong>quibuscunque</strong></span> <span class='ocrx_word' id='word_1_21' title='bbox 2704 1299 3117 1366; x_wconf 83' lang='lat' dir='ltr'><strong>mercimonia</strong></span> <span class='ocrx_word' id='word_1_22' title='bbox 3160 1304 3276 1367; x_wconf 89' lang='lat' dir='ltr'><strong>ant</strong></span> <span class='ocrx_word' id='word_1_23' title='bbox 3314 1323 3482 1368; x_wconf 86' lang='lat' dir='ltr'><strong>mer-</strong></span> 
     </span>
     <span class='ocr_line' id='line_1_4' title="bbox 737 1430 3487 1521; baseline 0.004 -25"><span class='ocrx_word' id='word_1_24' title='bbox 737 1430 1013 1496; x_wconf 86' lang='lat' dir='ltr'><strong>candisis</strong></span> <span class='ocrx_word' id='word_1_25' title='bbox 1041 1430 1218 1496; x_wconf 80' lang='lat' dir='ltr'><strong>infra</strong></span> <span class='ocrx_word' id='word_1_26' title='bbox 1244 1431 1486 1498; x_wconf 85' lang='lat' dir='ltr'><strong>dictam</strong></span> <span class='ocrx_word' id='word_1_27' title='bbox 1505 1432 1732 1500; x_wconf 78' lang='lat' dir='ltr'><strong>villam</strong></span> <span class='ocrx_word' id='word_1_28' title='bbox 1761 1437 2048 1500; x_wconf 86' lang='lat' dir='ltr'><strong>nostram</strong></span> <span class='ocrx_word' id='word_1_29' title='bbox 2078 1435 2159 1500; x_wconf 90' lang='lat' dir='ltr'><strong>de</strong></span> <span class='ocrx_word' id='word_1_30' title='bbox 2181 1433 2390 1500; x_wconf 71' lang='lat' dir='ltr'><strong>Awm</strong></span> <span class='ocrx_word' id='word_1_31' title='bbox 2420 1438 2534 1501; x_wconf 86' lang='lat' dir='ltr'><strong>aut</strong></span> <span class='ocrx_word' id='word_1_32' title='bbox 2564 1435 2705 1521; x_wconf 85' lang='lat' dir='ltr'><strong>ejus</strong></span> <span class='ocrx_word' id='word_1_33' title='bbox 2727 1435 3095 1504; x_wconf 84' lang='lat' dir='ltr'><strong>libertatem</strong></span> <span class='ocrx_word' id='word_1_34' title='bbox 3124 1439 3487 1508; x_wconf 75' lang='lat' dir='ltr'><strong>ementibus</strong></span> 
     </span>
     <span class='ocr_line' id='line_1_5' title="bbox 740 1566 3487 1658; baseline 0.004 -25"><span class='ocrx_word' id='word_1_35' title='bbox 740 1572 808 1633; x_wconf 89' lang='lat' dir='ltr'><strong>et</strong></span> <span class='ocrx_word' id='word_1_36' title='bbox 832 1566 1264 1634; x_wconf 75' lang='lat' dir='ltr'><strong>vendentibus</strong></span> <span class='ocrx_word' id='word_1_37' title='bbox 1293 1574 1408 1636; x_wconf 87' lang='lat' dir='ltr'><strong>aut</strong></span> <span class='ocrx_word' id='word_1_38' title='bbox 1435 1592 1554 1656; x_wconf 88' lang='lat' dir='ltr'><strong>per</strong></span> <span class='ocrx_word' id='word_1_39' title='bbox 1580 1570 1820 1638; x_wconf 86' lang='lat' dir='ltr'><strong>dictam</strong></span> <span class='ocrx_word' id='word_1_40' title='bbox 1842 1570 2067 1638; x_wconf 85' lang='lat' dir='ltr'><strong>villam</strong></span> <span class='ocrx_word' id='word_1_41' title='bbox 2097 1575 2215 1638; x_wconf 85' lang='lat' dir='ltr'><strong>aut</strong></span> <span class='ocrx_word' id='word_1_42' title='bbox 2241 1571 2378 1658; x_wconf 85' lang='lat' dir='ltr'><strong>ejus</strong></span> <span class='ocrx_word' id='word_1_43' title='bbox 2405 1571 2770 1639; x_wconf 84' lang='lat' dir='ltr'><strong>libertatem</strong></span> <span class='ocrx_word' id='word_1_44' title='bbox 2794 1597 2941 1640; x_wconf 89' lang='lat' dir='ltr'><strong>oum</strong></span> <span class='ocrx_word' id='word_1_45' title='bbox 2963 1577 3393 1644; x_wconf 89' lang='lat' dir='ltr'><strong>mercimoniis</strong></span> <span class='ocrx_word' id='word_1_46' title='bbox 3420 1583 3487 1646; x_wconf 91' lang='lat' dir='ltr'><strong>et</strong></span> 
     </span>
     <span class='ocr_line' id='line_1_6' title="bbox 740 1704 3491 1798; baseline 0.004 -28"><span class='ocrx_word' id='word_1_47' title='bbox 740 1704 1154 1772; x_wconf 87' lang='lat' dir='ltr'><strong>mercandisis</strong></span> <span class='ocrx_word' id='word_1_48' title='bbox 1211 1707 1698 1774; x_wconf 68' lang='lat' dir='ltr'><strong>transeuntibus</strong></span> <span class='ocrx_word' id='word_1_49' title='bbox 1744 1709 1841 1775; x_wconf 81' lang='lat' dir='ltr'><strong>ita</strong></span> <span class='ocrx_word' id='word_1_50' title='bbox 1896 1708 2088 1796; x_wconf 90' lang='lat' dir='ltr'><strong>plene</strong></span> <span class='ocrx_word' id='word_1_51' title='bbox 2136 1709 2303 1776; x_wconf 84' lang='lat' dir='ltr'><strong>sicut</strong></span> <span class='ocrx_word' id='word_1_52' title='bbox 2350 1714 2416 1776; x_wconf 86' lang='lat' dir='ltr'><strong>et</strong></span> <span class='ocrx_word' id='word_1_53' title='bbox 2467 1709 2719 1778; x_wconf 76' lang='lat' dir='ltr'><strong>faciunt</strong></span> <span class='ocrx_word' id='word_1_54' title='bbox 2767 1709 3121 1798; x_wconf 84' lang='lat' dir='ltr'><strong>burgenses</strong></span> <span class='ocrx_word' id='word_1_55' title='bbox 3161 1715 3367 1782; x_wconf 83' lang='lat' dir='ltr'><strong>nostri</strong></span> <span class='ocrx_word' id='word_1_56' title='bbox 3407 1715 3491 1784; x_wconf 91' lang='lat' dir='ltr'><strong>de</strong></span> 
     </span>
     <span class='ocr_line' id='line_1_7' title="bbox 743 1838 3489 1933; baseline 0.004 -25"><span class='ocrx_word' id='word_1_57' title='bbox 743 1838 1074 1908; x_wconf 68' lang='lat' dir='ltr'><strong>Knurxcc</strong></span> <span class='ocrx_word' id='word_1_58' title='bbox 1102 1848 1170 1910; x_wconf 88' lang='lat' dir='ltr'><strong>et</strong></span> <span class='ocrx_word' id='word_1_59' title='bbox 1197 1843 1410 1910; x_wconf 63' lang='lat' dir='ltr'><strong>Num</strong></span> <span class='ocrx_word' id='word_1_60' title='bbox 1437 1845 1568 1910; x_wconf 85' lang='lat' dir='ltr'><strong>illis</strong></span> <span class='ocrx_word' id='word_1_61' title='bbox 1597 1847 1879 1933; x_wconf 86' lang='lat' dir='ltr'><strong>exceptis</strong></span> <span class='ocrx_word' id='word_1_62' title='bbox 1905 1847 2018 1933; x_wconf 90' lang='lat' dir='ltr'><strong>qui</strong></span> <span class='ocrx_word' id='word_1_63' title='bbox 2046 1846 2219 1913; x_wconf 70' lang='lat' dir='ltr'><strong>infra</strong></span> <span class='ocrx_word' id='word_1_64' title='bbox 2240 1847 2601 1914; x_wconf 87' lang='lat' dir='ltr'><strong>dominium</strong></span> <span class='ocrx_word' id='word_1_65' title='bbox 2628 1853 2921 1916; x_wconf 84' lang='lat' dir='ltr'><strong>nostrum</strong></span> <span class='ocrx_word' id='word_1_66' title='bbox 2944 1850 3025 1916; x_wconf 90' lang='lat' dir='ltr'><strong>de</strong></span> <span class='ocrx_word' id='word_1_67' title='bbox 3057 1849 3489 1918; x_wconf 58' lang='lat' dir='ltr'><strong>(immonem</strong></span> 
     </span>
     <span class='ocr_line' id='line_1_8' title="bbox 744 1979 3489 2070; baseline 0.004 -23"><span class='ocrx_word' id='word_1_68' title='bbox 744 1987 810 2047; x_wconf 92' lang='lat' dir='ltr'><strong>et</strong></span> <span class='ocrx_word' id='word_1_69' title='bbox 853 1979 1160 2048; x_wconf 67' lang='lat' dir='ltr'><strong>Momm</strong></span> <span class='ocrx_word' id='word_1_70' title='bbox 1205 2005 1288 2050; x_wconf 84' lang='lat' dir='ltr'><strong>ex</strong></span> <span class='ocrx_word' id='word_1_71' title='bbox 1325 1983 1715 2070; x_wconf 80' lang='lat' dir='ltr'><strong>antiquitate</strong></span> <span class='ocrx_word' id='word_1_72' title='bbox 1759 1990 1826 2052; x_wconf 89' lang='lat' dir='ltr'><strong>et</strong></span> <span class='ocrx_word' id='word_1_73' title='bbox 1863 1993 2036 2052; x_wconf 89' lang='lat' dir='ltr'><strong>recto</strong></span> <span class='ocrx_word' id='word_1_74' title='bbox 2075 1987 2539 2054; x_wconf 86' lang='lat' dir='ltr'><strong>consuetudine</strong></span> <span class='ocrx_word' id='word_1_75' title='bbox 2578 1987 2950 2054; x_wconf 87' lang='lat' dir='ltr'><strong>theolonare</strong></span> <span class='ocrx_word' id='word_1_76' title='bbox 2988 2010 3123 2054; x_wconf 90' lang='lat' dir='ltr'><strong>non</strong></span> <span class='ocrx_word' id='word_1_77' title='bbox 3165 1993 3489 2058; x_wconf 83' lang='lat' dir='ltr'><strong>tenentur.</strong></span> 
     </span>
     <span class='ocr_line' id='line_1_9' title="bbox 743 2116 3493 2213; baseline 0.004 -28"><span class='ocrx_word' id='word_1_78' title='bbox 743 2116 856 2186; x_wconf 75' lang='lat' dir='ltr'><strong>Ita</strong></span> <span class='ocrx_word' id='word_1_79' title='bbox 881 2123 1102 2187; x_wconf 78' lang='lat' dir='ltr'><strong>tamen</strong></span> <span class='ocrx_word' id='word_1_80' title='bbox 1147 2122 1324 2207; x_wconf 86' lang='lat' dir='ltr'><strong>quod</strong></span> <span class='ocrx_word' id='word_1_81' title='bbox 1366 2123 1724 2209; x_wconf 79' lang='lat' dir='ltr'><strong>prepositus</strong></span> <span class='ocrx_word' id='word_1_82' title='bbox 1763 2123 1934 2190; x_wconf 82' lang='lat' dir='ltr'><strong>dicte</strong></span> <span class='ocrx_word' id='word_1_83' title='bbox 1962 2124 2116 2190; x_wconf 85' lang='lat' dir='ltr'><strong>ville</strong></span> <span class='ocrx_word' id='word_1_84' title='bbox 2145 2125 2225 2191; x_wconf 92' lang='lat' dir='ltr'><strong>de</strong></span> <span class='ocrx_word' id='word_1_85' title='bbox 2264 2123 2473 2191; x_wconf 63' lang='lat' dir='ltr'><strong>Avm</strong></span> <span class='ocrx_word' id='word_1_86' title='bbox 2520 2126 2635 2211; x_wconf 86' lang='lat' dir='ltr'><strong>qui</strong></span> <span class='ocrx_word' id='word_1_87' title='bbox 2676 2146 2795 2212; x_wconf 89' lang='lat' dir='ltr'><strong>pro</strong></span> <span class='ocrx_word' id='word_1_88' title='bbox 2836 2129 3125 2213; x_wconf 88' lang='lat' dir='ltr'><strong>tempore</strong></span> <span class='ocrx_word' id='word_1_89' title='bbox 3169 2127 3369 2194; x_wconf 79' lang='lat' dir='ltr'><strong>fuerit</strong></span> <span class='ocrx_word' id='word_1_90' title='bbox 3410 2129 3493 2196; x_wconf 87' lang='lat' dir='ltr'><strong>de</strong></span> 
     </span>
     <span class='ocr_line' id='line_1_10' title="bbox 745 2243 3492 2352; baseline 0.003 -29"><span class='ocrx_word' id='word_1_91' title='bbox 745 2257 1044 2324; x_wconf 86' lang='lat' dir='ltr'><strong>omnibus</strong></span> <span class='ocrx_word' id='word_1_92' title='bbox 1086 2259 1430 2326; x_wconf 88' lang='lat' dir='ltr'><strong>theoloniis</strong></span> <span class='ocrx_word' id='word_1_93' title='bbox 1474 2261 1882 2328; x_wconf 78' lang='lat' dir='ltr'><strong>custumariis</strong></span> <span class='ocrx_word' id='word_1_94' title='bbox 1917 2243 1990 2328; x_wconf 68' lang='lat' dir='ltr'><strong>et</strong></span> <span class='ocrx_word' id='word_1_95' title='bbox 2032 2263 2605 2330; x_wconf 83' lang='lat' dir='ltr'><strong>consuetudinibus</strong></span> <span class='ocrx_word' id='word_1_96' title='bbox 2646 2264 2735 2330; x_wconf 87' lang='lat' dir='ltr'><strong>sic</strong></span> <span class='ocrx_word' id='word_1_97' title='bbox 2778 2265 2981 2351; x_wconf 87' lang='lat' dir='ltr'><strong>captis</strong></span> <span class='ocrx_word' id='word_1_98' title='bbox 3018 2269 3083 2330; x_wconf 86' lang='lat' dir='ltr'><strong>et</strong></span> <span class='ocrx_word' id='word_1_99' title='bbox 3119 2265 3393 2352; x_wconf 74' lang='lat' dir='ltr'><strong>receptis</strong></span> <span class='ocrx_word' id='word_1_100' title='bbox 3420 2266 3492 2332; x_wconf 89' lang='lat' dir='ltr'><strong>in</strong></span> 
     </span>
     <span class='ocr_line' id='line_1_11' title="bbox 747 2396 3492 2470; baseline 0.002 -6"><span class='ocrx_word' id='word_1_101' title='bbox 747 2396 1054 2464; x_wconf 82' lang='lat' dir='ltr'><strong>scaccario</strong></span> <span class='ocrx_word' id='word_1_102' title='bbox 1111 2402 1332 2463; x_wconf 82' lang='lat' dir='ltr'><strong>nostro</strong></span> <span class='ocrx_word' id='word_1_103' title='bbox 1392 2398 1474 2464; x_wconf 92' lang='lat' dir='ltr'><strong>de</strong></span> <span class='ocrx_word' id='word_1_104' title='bbox 1523 2397 1895 2466; x_wconf 67' lang='lat' dir='ltr'><strong>Knfflmrr</strong></span> <span class='ocrx_word' id='word_1_105' title='bbox 1947 2399 2289 2466; x_wconf 88' lang='lat' dir='ltr'><strong>annuatim</strong></span> <span class='ocrx_word' id='word_1_106' title='bbox 2350 2399 2537 2467; x_wconf 83' lang='lat' dir='ltr'><strong>nobis</strong></span> <span class='ocrx_word' id='word_1_107' title='bbox 2595 2405 2662 2467; x_wconf 88' lang='lat' dir='ltr'><strong>et</strong></span> <span class='ocrx_word' id='word_1_108' title='bbox 2718 2399 3061 2467; x_wconf 82' lang='lat' dir='ltr'><strong>heredibus</strong></span> <span class='ocrx_word' id='word_1_109' title='bbox 3118 2403 3357 2470; x_wconf 90' lang='lat' dir='ltr'><strong>nostris</strong></span> <span class='ocrx_word' id='word_1_110' title='bbox 3419 2403 3492 2470; x_wconf 89' lang='lat' dir='ltr'><strong>in</strong></span> 
     </span>
     <span class='ocr_line' id='line_1_12' title="bbox 747 2534 3496 2626; baseline 0.002 -26"><span class='ocrx_word' id='word_1_111' title='bbox 747 2539 1133 2620; x_wconf 84' lang='lat' dir='ltr'><strong>perpetuum</strong></span> <span class='ocrx_word' id='word_1_112' title='bbox 1191 2536 1590 2621; x_wconf 84' lang='lat' dir='ltr'><strong>respondeat.</strong></span> <span class='ocrx_word' id='word_1_113' title='bbox 1711 2534 1800 2602; x_wconf 88' lang='lat' dir='ltr'><strong>In</strong></span> <span class='ocrx_word' id='word_1_114' title='bbox 1863 2536 1968 2623; x_wconf 84' lang='lat' dir='ltr'><strong>cuj</strong></span> <span class='ocrx_word' id='word_1_115' title='bbox 1975 2559 2052 2602; x_wconf 90' lang='lat' dir='ltr'><strong>us</strong></span> <span class='ocrx_word' id='word_1_116' title='bbox 2108 2536 2204 2603; x_wconf 86' lang='lat' dir='ltr'><strong>rei</strong></span> <span class='ocrx_word' id='word_1_117' title='bbox 2260 2537 2707 2604; x_wconf 83' lang='lat' dir='ltr'><strong>testimonium</strong></span> <span class='ocrx_word' id='word_1_118' title='bbox 2760 2536 3165 2624; x_wconf 84' lang='lat' dir='ltr'><strong>presentibus</strong></span> <span class='ocrx_word' id='word_1_119' title='bbox 3206 2539 3496 2626; x_wconf 75' lang='lat' dir='ltr'><strong>sigillum</strong></span> 
     </span>
     <span class='ocr_line' id='line_1_13' title="bbox 743 2671 3493 2762; baseline 0.002 -26"><span class='ocrx_word' id='word_1_120' title='bbox 743 2671 1117 2737; x_wconf 72' lang='lat' dir='ltr'><strong>cancellarie</strong></span> <span class='ocrx_word' id='word_1_121' title='bbox 1165 2678 1382 2738; x_wconf 83' lang='lat' dir='ltr'><strong>nostre</strong></span> <span class='ocrx_word' id='word_1_122' title='bbox 1435 2673 1516 2738; x_wconf 87' lang='lat' dir='ltr'><strong>de</strong></span> <span class='ocrx_word' id='word_1_123' title='bbox 1567 2671 1938 2738; x_wconf 73' lang='lat' dir='ltr'><strong>KAERmrr</strong></span> <span class='ocrx_word' id='word_1_124' title='bbox 1997 2679 2094 2741; x_wconf 87' lang='lat' dir='ltr'><strong>est</strong></span> <span class='ocrx_word' id='word_1_125' title='bbox 2151 2697 2527 2762; x_wconf 83' lang='lat' dir='ltr'><strong>appensum.</strong></span> <span class='ocrx_word' id='word_1_126' title='bbox 2620 2673 2779 2741; x_wconf 85' lang='lat' dir='ltr'><strong>Hiis</strong></span> <span class='ocrx_word' id='word_1_127' title='bbox 2830 2675 3102 2741; x_wconf 78' lang='lat' dir='ltr'><strong>testibus</strong></span> <span class='ocrx_word' id='word_1_128' title='bbox 3160 2676 3205 2742; x_wconf 87' lang='lat' dir='ltr'>J</span> <span class='ocrx_word' id='word_1_129' title='bbox 3206 2697 3493 2742; x_wconf 55' lang='lat' dir='ltr'><strong>omnim</strong></span> 
     </span>
     <span class='ocr_line' id='line_1_14' title="bbox 746 2807 3499 2880; baseline 0.001 -4"><span class='ocrx_word' id='word_1_130' title='bbox 746 2807 1164 2876; x_wconf 52' lang='lat' dir='ltr'><strong>Danum-snm</strong></span> <span class='ocrx_word' id='word_1_131' title='bbox 1225 2809 1582 2876; x_wconf 73' lang='lat' dir='ltr'><strong>EDWARno</strong></span> <span class='ocrx_word' id='word_1_132' title='bbox 1625 2811 1707 2877; x_wconf 93' lang='lat' dir='ltr'><strong>de</strong></span> <span class='ocrx_word' id='word_1_133' title='bbox 1747 2809 2159 2878; x_wconf 75' lang='lat' dir='ltr'>STBADLYNG</span> <span class='ocrx_word' id='word_1_134' title='bbox 2232 2811 2589 2878; x_wconf 65' lang='lat' dir='ltr'><strong>Enwumo</strong></span> <span class='ocrx_word' id='word_1_135' title='bbox 2638 2811 3121 2879; x_wconf 76' lang='lat' dir='ltr'><strong>DALLYNGRUG</strong></span> <span class='ocrx_word' id='word_1_136' title='bbox 3179 2812 3499 2880; x_wconf 88' lang='lat' dir='ltr'><strong>militibus</strong></span> 
     </span>
     <span class='ocr_line' id='line_1_15' title="bbox 746 2946 3497 3031; baseline 0.002 -18"><span class='ocrx_word' id='word_1_137' title='bbox 746 2946 998 3031; x_wconf 71' lang='grc' dir='ltr'><strong>ΤΗΟΜΕ</strong></span> <span class='ocrx_word' id='word_1_138' title='bbox 1044 2948 1442 3015; x_wconf 70' lang='lat' dir='ltr'><strong>Mourmn</strong></span> <span class='ocrx_word' id='word_1_139' title='bbox 1485 2948 1532 3015; x_wconf 90' lang='lat' dir='ltr'><strong>J</strong></span> <span class='ocrx_word' id='word_1_140' title='bbox 1532 2970 1817 3015; x_wconf 69' lang='lat' dir='ltr'><strong>omns</strong></span> <span class='ocrx_word' id='word_1_141' title='bbox 1862 2949 2204 3016; x_wconf 48' lang='lat' dir='ltr'><strong>BAN-onan</strong></span> <span class='ocrx_word' id='word_1_142' title='bbox 2249 2954 2315 3017; x_wconf 86' lang='lat' dir='ltr'><strong>et</strong></span> <span class='ocrx_word' id='word_1_143' title='bbox 2361 2951 2523 3017; x_wconf 85' lang='lat' dir='ltr'><strong>aliis.</strong></span> <span class='ocrx_word' id='word_1_144' title='bbox 2614 2949 2865 3017; x_wconf 89' lang='lat' dir='ltr'><strong>Datum</strong></span> <span class='ocrx_word' id='word_1_145' title='bbox 2908 2951 2979 3015; x_wconf 91' lang='lat' dir='ltr'><strong>in</strong></span> <span class='ocrx_word' id='word_1_146' title='bbox 3026 2956 3232 3017; x_wconf 84' lang='lat' dir='ltr'><strong>castro</strong></span> <span class='ocrx_word' id='word_1_147' title='bbox 3276 2955 3497 3018; x_wconf 85' lang='lat' dir='ltr'><strong>nostro</strong></span> 
     </span>
     <span class='ocr_line' id='line_1_16' title="bbox 645 3084 3499 3176; baseline 0.001 -25"><span class='ocrx_word' id='word_1_148' title='bbox 645 3144 652 3151; x_wconf 84' lang='lat'><strong><em>.</em></strong></span> <span class='ocrx_word' id='word_1_149' title='bbox 747 3084 1118 3153; x_wconf 66' lang='lat' dir='ltr'><strong>Kfflwlrr</strong></span> <span class='ocrx_word' id='word_1_150' title='bbox 1175 3086 1474 3153; x_wconf 83' lang='lat' dir='ltr'><strong>vicesimo</strong></span> <span class='ocrx_word' id='word_1_151' title='bbox 1525 3086 1630 3153; x_wconf 88' lang='lat' dir='ltr'><strong>die</strong></span> <span class='ocrx_word' id='word_1_152' title='bbox 1680 3084 1930 3173; x_wconf 85' lang='lat' dir='ltr'><strong>Aprilis</strong></span> <span class='ocrx_word' id='word_1_153' title='bbox 1988 3110 2160 3153; x_wconf 85' lang='lat' dir='ltr'><strong>anno</strong></span> <span class='ocrx_word' id='word_1_154' title='bbox 2218 3087 2407 3175; x_wconf 86' lang='lat' dir='ltr'><strong>regni</strong></span> <span class='ocrx_word' id='word_1_155' title='bbox 2468 3086 2671 3176; x_wconf 84' lang='lat' dir='ltr'><strong>Regis</strong></span> <span class='ocrx_word' id='word_1_156' title='bbox 2720 3086 3065 3153; x_wconf 73' lang='lat' dir='ltr'><strong>EDWARDI</strong></span> <span class='ocrx_word' id='word_1_157' title='bbox 3118 3086 3301 3155; x_wconf 83' lang='lat' dir='ltr'><strong>tercii</strong></span> <span class='ocrx_word' id='word_1_158' title='bbox 3350 3090 3499 3175; x_wconf 88' lang='lat' dir='ltr'><strong>post</strong></span> 
     </span>
     <span class='ocr_line' id='line_1_17' title="bbox 749 3220 2072 3312; baseline 0.002 -24"><span class='ocrx_word' id='word_1_159' title='bbox 749 3220 1186 3309; x_wconf 76' lang='lat' dir='ltr'><strong>conquestum</strong></span> <span class='ocrx_word' id='word_1_160' title='bbox 1246 3222 1740 3311; x_wconf 83' lang='lat' dir='ltr'><strong>quadragesimo</strong></span> <span class='ocrx_word' id='word_1_161' title='bbox 1783 3224 2072 3312; x_wconf 80' lang='lat' dir='ltr'><strong>septimo,</strong></span> 
     </span>
    </p>

    <p class='ocr_par' dir='ltr' id='par_1_4' title="bbox 747 3382 3498 3887">
     <span class='ocr_line' id='line_1_18' title="bbox 835 3382 3493 3475; baseline 0.002 -26"><span class='ocrx_word' id='word_1_162' title='bbox 835 3382 976 3450; x_wconf 80' lang='lat' dir='ltr'><strong>The</strong></span> <span class='ocrx_word' id='word_1_163' title='bbox 1017 3383 1190 3450; x_wconf 88' lang='lat' dir='ltr'><strong>label</strong></span> <span class='ocrx_word' id='word_1_164' title='bbox 1233 3386 1514 3451; x_wconf 85' lang='lat' dir='ltr'><strong>remains</strong></span> <span class='ocrx_word' id='word_1_165' title='bbox 1555 3383 1676 3451; x_wconf 87' lang='lat' dir='ltr'><strong>but</strong></span> <span class='ocrx_word' id='word_1_166' title='bbox 1719 3384 1831 3451; x_wconf 87' lang='lat' dir='ltr'><strong>the</strong></span> <span class='ocrx_word' id='word_1_167' title='bbox 1873 3386 2004 3451; x_wconf 84' lang='lat' dir='ltr'><strong>seal</strong></span> <span class='ocrx_word' id='word_1_168' title='bbox 2049 3386 2106 3451; x_wconf 89' lang='lat' dir='ltr'><strong>is</strong></span> <span class='ocrx_word' id='word_1_169' title='bbox 2147 3385 2293 3453; x_wconf 88' lang='lat' dir='ltr'><strong>lost.</strong></span> <span class='ocrx_word' id='word_1_170' title='bbox 2384 3386 2527 3453; x_wconf 77' lang='lat' dir='ltr'><strong>Tho</strong></span> <span class='ocrx_word' id='word_1_171' title='bbox 2570 3386 2851 3475; x_wconf 85' lang='lat' dir='ltr'><strong>original</strong></span> <span class='ocrx_word' id='word_1_172' title='bbox 2894 3387 3146 3454; x_wconf 73' lang='lat' dir='ltr'><strong>chartei·</strong></span> <span class='ocrx_word' id='word_1_173' title='bbox 3195 3387 3252 3454; x_wconf 90' lang='lat' dir='ltr'><strong>is</strong></span> <span class='ocrx_word' id='word_1_174' title='bbox 3295 3386 3493 3453; x_wconf 84' lang='lat' dir='ltr'><strong>much</strong></span> 
     </span>
     <span class='ocr_line' id='line_1_19' title="bbox 749 3519 3489 3612; baseline 0.001 -26"><span class='ocrx_word' id='word_1_175' title='bbox 749 3519 966 3602; x_wconf 80' lang='lat' dir='ltr'><strong>faded,</strong></span> <span class='ocrx_word' id='word_1_176' title='bbox 1013 3520 1132 3589; x_wconf 87' lang='lat' dir='ltr'><strong>but</strong></span> <span class='ocrx_word' id='word_1_177' title='bbox 1175 3523 1334 3589; x_wconf 83' lang='lat' dir='ltr'><strong>with</strong></span> <span class='ocrx_word' id='word_1_178' title='bbox 1377 3524 1434 3589; x_wconf 91' lang='lat' dir='ltr'><strong>it</strong></span> <span class='ocrx_word' id='word_1_179' title='bbox 1476 3546 1584 3589; x_wconf 86' lang='lat' dir='ltr'><strong>are</strong></span> <span class='ocrx_word' id='word_1_180' title='bbox 1627 3530 1756 3591; x_wconf 83' lang='lat' dir='ltr'><strong>two</strong></span> <span class='ocrx_word' id='word_1_181' title='bbox 1799 3523 2009 3611; x_wconf 90' lang='lat' dir='ltr'><strong>copies</strong></span> <span class='ocrx_word' id='word_1_182' title='bbox 2051 3524 2122 3590; x_wconf 77' lang='lat' dir='ltr'><strong>of</strong></span> <span class='ocrx_word' id='word_1_183' title='bbox 2162 3523 2483 3611; x_wconf 78' lang='lat' dir='ltr'><strong>tolerably</strong></span> <span class='ocrx_word' id='word_1_184' title='bbox 2526 3526 2706 3610; x_wconf 83' lang='lat' dir='ltr'><strong>early</strong></span> <span class='ocrx_word' id='word_1_185' title='bbox 2750 3526 2921 3606; x_wconf 85' lang='lat' dir='ltr'><strong>date,</strong></span> <span class='ocrx_word' id='word_1_186' title='bbox 2964 3548 3047 3591; x_wconf 89' lang='lat' dir='ltr'><strong>on</strong></span> <span class='ocrx_word' id='word_1_187' title='bbox 3091 3524 3489 3612; x_wconf 80' lang='lat' dir='ltr'><strong>parchment.</strong></span> 
     </span>
     <span class='ocr_line' id='line_1_20' title="bbox 755 3658 3496 3751; baseline 0.002 -26"><span class='ocrx_word' id='word_1_188' title='bbox 755 3658 896 3725; x_wconf 88' lang='lat' dir='ltr'><strong>One</strong></span> <span class='ocrx_word' id='word_1_189' title='bbox 924 3659 997 3724; x_wconf 85' lang='lat' dir='ltr'><strong>of</strong></span> <span class='ocrx_word' id='word_1_190' title='bbox 1019 3660 1200 3727; x_wconf 85' lang='lat' dir='ltr'><strong>these</strong></span> <span class='ocrx_word' id='word_1_191' title='bbox 1227 3660 1284 3726; x_wconf 86' lang='grc'><strong>13</strong></span> <span class='ocrx_word' id='word_1_192' title='bbox 1305 3661 1590 3727; x_wconf 81' lang='lat' dir='ltr'><strong>certified</strong></span> <span class='ocrx_word' id='word_1_193' title='bbox 1619 3666 1659 3698; x_wconf 93' lang='lat'><strong>“</strong></span> <span class='ocrx_word' id='word_1_194' title='bbox 1672 3659 1876 3749; x_wconf 87' lang='lat' dir='ltr'><strong>Oopia</strong></span> <span class='ocrx_word' id='word_1_195' title='bbox 1900 3686 2053 3729; x_wconf 77' lang='lat' dir='ltr'><strong>vera</strong></span> <span class='ocrx_word' id='word_1_196' title='bbox 2073 3664 2455 3730; x_wconf 83' lang='lat' dir='ltr'><strong>concordata</strong></span> <span class='ocrx_word' id='word_1_197' title='bbox 2475 3669 2843 3751; x_wconf 84' lang='lat' dir='ltr'><strong>comparata</strong></span> <span class='ocrx_word' id='word_1_198' title='bbox 2864 3668 2930 3730; x_wconf 91' lang='lat' dir='ltr'><strong>et</strong></span> <span class='ocrx_word' id='word_1_199' title='bbox 2954 3664 3325 3730; x_wconf 83' lang='lat' dir='ltr'><strong>examinata</strong></span> <span class='ocrx_word' id='word_1_200' title='bbox 3345 3685 3496 3730; x_wconf 90' lang='lat' dir='ltr'><strong>cum</strong></span> 
     </span>
     <span class='ocr_line' id='line_1_21' title="bbox 747 3794 3498 3887; baseline 0.003 -27"><span class='ocrx_word' id='word_1_201' title='bbox 747 3794 1067 3882; x_wconf 85' lang='lat' dir='ltr'><strong>originali.</strong></span> <span class='ocrx_word' id='word_1_202' title='bbox 1159 3796 1441 3884; x_wconf 71' lang='lat' dir='ltr'><strong>Mol-gan</strong></span> <span class='ocrx_word' id='word_1_203' title='bbox 1474 3796 1654 3878; x_wconf 82' lang='lat' dir='ltr'><strong>Rice,</strong></span> <span class='ocrx_word' id='word_1_204' title='bbox 1703 3796 1985 3887; x_wconf 83' lang='lat' dir='ltr'><strong>Clericus</strong></span> <span class='ocrx_word' id='word_1_205' title='bbox 2027 3799 2202 3865; x_wconf 82' lang='lat' dir='ltr'><strong>vinae</strong></span> <span class='ocrx_word' id='word_1_206' title='bbox 2248 3800 2329 3866; x_wconf 89' lang='lat' dir='ltr'><strong>de</strong></span> <span class='ocrx_word' id='word_1_207' title='bbox 2370 3799 2587 3867; x_wconf 83' lang='lat' dir='ltr'><strong>Avan.</strong></span> <span class='ocrx_word' id='word_1_208' title='bbox 2661 3799 2859 3868; x_wconf 84' lang='lat' dir='ltr'><strong>Cur.’&#39;</strong></span> <span class='ocrx_word' id='word_1_209' title='bbox 2951 3799 3057 3867; x_wconf 90' lang='lat' dir='ltr'><strong>On</strong></span> <span class='ocrx_word' id='word_1_210' title='bbox 3088 3801 3197 3867; x_wconf 81' lang='lat' dir='ltr'><strong>the</strong></span> <span class='ocrx_word' id='word_1_211' title='bbox 3229 3799 3413 3867; x_wconf 88' lang='lat' dir='ltr'><strong>other</strong></span> <span class='ocrx_word' id='word_1_212' title='bbox 3440 3800 3498 3867; x_wconf 84' lang='lat' dir='ltr'><strong>is</strong></span> 
     </span>
    </p>
   </div>
   <div class='ocr_carea' id='block_1_4' title="bbox 747 3933 3494 4162">
    <p class='ocr_par' dir='ltr' id='par_1_5' title="bbox 747 3933 3494 4162">
     <span class='ocr_line' id='line_1_22' title="bbox 747 3933 3494 4025; baseline 0.002 -26"><span class='ocrx_word' id='word_1_213' title='bbox 747 3938 786 3969; x_wconf 90' lang='lat'><strong>“</strong></span> <span class='ocrx_word' id='word_1_214' title='bbox 806 3933 1204 4002; x_wconf 84' lang='lat' dir='ltr'><strong>Examinata</strong></span> <span class='ocrx_word' id='word_1_215' title='bbox 1233 3935 1428 4002; x_wconf 86' lang='lat' dir='ltr'><strong>viimo</strong></span> <span class='ocrx_word' id='word_1_216' title='bbox 1458 3936 1563 4003; x_wconf 91' lang='lat' dir='ltr'><strong>die</strong></span> <span class='ocrx_word' id='word_1_217' title='bbox 1590 3936 1842 4024; x_wconf 87' lang='lat' dir='ltr'><strong>Aprilis</strong></span> <span class='ocrx_word' id='word_1_218' title='bbox 1881 3938 2083 4005; x_wconf 85' lang='lat' dir='ltr'><strong>Anno</strong></span> <span class='ocrx_word' id='word_1_219' title='bbox 2127 3936 2401 4005; x_wconf 89' lang='lat' dir='ltr'><strong>Domini</strong></span> <span class='ocrx_word' id='word_1_220' title='bbox 2446 3937 2659 4006; x_wconf 84' lang='lat' dir='ltr'><strong>Caroli</strong></span> <span class='ocrx_word' id='word_1_221' title='bbox 2698 3940 2961 4007; x_wconf 87' lang='lat' dir='ltr'><strong>secundi</strong></span> <span class='ocrx_word' id='word_1_222' title='bbox 3002 3938 3208 4025; x_wconf 83' lang='lat' dir='ltr'><strong>Regis</strong></span> <span class='ocrx_word' id='word_1_223' title='bbox 3250 3939 3494 4007; x_wconf 83' lang='lat' dir='ltr'><strong>xviiivo</strong></span> 
     </span>
     <span class='ocr_line' id='line_1_23' title="bbox 753 4072 2115 4162; baseline 0.007 -28"><span class='ocrx_word' id='word_1_224' title='bbox 753 4072 976 4155; x_wconf 88' lang='grc'><strong>(1666)</strong></span> <span class='ocrx_word' id='word_1_225' title='bbox 1025 4096 1141 4158; x_wconf 86' lang='lat' dir='ltr'><strong>per</strong></span> <span class='ocrx_word' id='word_1_226' title='bbox 1187 4096 1290 4139; x_wconf 90' lang='lat' dir='ltr'><strong>me</strong></span> <span class='ocrx_word' id='word_1_227' title='bbox 1333 4074 1380 4141; x_wconf 91' lang='lat' dir='ltr'><strong>J</strong></span> <span class='ocrx_word' id='word_1_228' title='bbox 1381 4074 1704 4143; x_wconf 87' lang='lat' dir='ltr'><strong>ohannem</strong></span> <span class='ocrx_word' id='word_1_229' title='bbox 1753 4074 2115 4162; x_wconf 84' lang='lat' dir='ltr'><strong>Rumsey.&#39;&#39;</strong></span> 
     </span>
    </p>
   </div>
   <div class='ocr_carea' id='block_1_5' title="bbox 763 4232 3477 4355">
    <p class='ocr_par' dir='ltr' id='par_1_6' title="bbox 763 4232 3477 4355">
     <span class='ocr_line' id='line_1_24' title="bbox 823 4232 3477 4299; baseline 0.002 -21"><span class='ocrx_word' id='word_1_230' title='bbox 823 4233 900 4293; x_wconf 84' lang='lat'><strong>(1)</strong></span> <span class='ocrx_word' id='word_1_231' title='bbox 934 4232 1097 4280; x_wconf 64' lang='lat' dir='ltr'><strong>Ima</strong></span> <span class='ocrx_word' id='word_1_232' title='bbox 1137 4236 1234 4281; x_wconf 83' lang='lat' dir='ltr'><strong>and</strong></span> <span class='ocrx_word' id='word_1_233' title='bbox 1279 4234 1598 4298; x_wconf 70' lang='lat' dir='ltr'><strong>throuqh-toll,</strong></span> <span class='ocrx_word' id='word_1_234' title='bbox 1638 4238 1846 4299; x_wconf 62' lang='lat' dir='ltr'><strong>charges</strong></span> <span class='ocrx_word' id='word_1_235' title='bbox 1873 4252 1938 4286; x_wconf 87' lang='lat' dir='ltr'><strong>ou</strong></span> <span class='ocrx_word' id='word_1_236' title='bbox 1968 4238 2178 4297; x_wconf 82' lang='lat' dir='ltr'><strong>imports</strong></span> <span class='ocrx_word' id='word_1_237' title='bbox 2207 4238 2308 4285; x_wconf 78' lang='lat' dir='ltr'><strong>and</strong></span> <span class='ocrx_word' id='word_1_238' title='bbox 2348 4239 2503 4298; x_wconf 80' lang='lat' dir='ltr'><strong>goods</strong></span> <span class='ocrx_word' id='word_1_239' title='bbox 2532 4238 2720 4285; x_wconf 80' lang='lat' dir='ltr'><strong>carried</strong></span> <span class='ocrx_word' id='word_1_240' title='bbox 2748 4238 2859 4285; x_wconf 84' lang='lat' dir='ltr'><strong>into</strong></span> <span class='ocrx_word' id='word_1_241' title='bbox 2889 4252 2945 4286; x_wconf 88' lang='lat' dir='ltr'><strong>or</strong></span> <span class='ocrx_word' id='word_1_242' title='bbox 2975 4238 3195 4299; x_wconf 77' lang='lat' dir='ltr'><strong>through</strong></span> <span class='ocrx_word' id='word_1_243' title='bbox 3226 4238 3311 4286; x_wconf 79' lang='lat' dir='ltr'><strong>the</strong></span> <span class='ocrx_word' id='word_1_244' title='bbox 3340 4242 3477 4287; x_wconf 76' lang='lat' dir='ltr'><strong>town</strong></span> 
     </span>
     <span class='ocr_line' id='line_1_25' title="bbox 763 4306 1366 4355; baseline 0.008 -5"><span class='ocrx_word' id='word_1_245' title='bbox 763 4317 819 4350; x_wconf 86' lang='lat' dir='ltr'><strong>or</strong></span> <span class='ocrx_word' id='word_1_246' title='bbox 847 4318 967 4353; x_wconf 84' lang='lat' dir='ltr'><strong>over</strong></span> <span class='ocrx_word' id='word_1_247' title='bbox 987 4306 1174 4353; x_wconf 80' lang='lat' dir='ltr'><strong>certain</strong></span> <span class='ocrx_word' id='word_1_248' title='bbox 1207 4308 1366 4355; x_wconf 83' lang='lat' dir='ltr'><strong>reads.</strong></span> 
     </span>
    </p>
   </div>
   <div class='ocr_carea' id='block_1_6' title="bbox 4377 2393 4393 2618">
    <p class='ocr_par' dir='ltr' id='par_1_7' title="bbox 4377 2393 4393 2618">
     <span class='ocr_line' id='line_1_26' title="bbox 4377 2393 4393 2618; textangle 90"><span class='ocrx_word' id='word_1_249' title='bbox 4377 2551 4393 2618; x_wconf 52' lang='lat' dir='ltr'><strong>-L-</strong></span> <span class='ocrx_word' id='word_1_250' title='bbox 4390 2521 4392 2526; x_wconf 88' lang='lat'>.</span> <span class='ocrx_word' id='word_1_251' title='bbox 4387 2393 4392 2450; x_wconf 28' lang='grc' dir='ltr'>-.,-Ᾰ</span> 
     </span>
    </p>
   </div>
   <div class='ocr_carea' id='block_1_7' title="bbox 4387 3828 4395 4400">
    <p class='ocr_par' dir='ltr' id='par_1_8' title="bbox 4387 3828 4395 4400">
     <span class='ocr_line' id='line_1_27' title="bbox 4387 3828 4395 4400; baseline 0 0"><span class='ocrx_word' id='word_1_252' title='bbox 4387 3828 4395 4400; x_wconf 95' lang='lat' dir='ltr'><strong> </strong></span> 
     </span>
    </p>
   </div>
  </div>
 </body>
</html>
