4418 5888
3302 871 3431 936 375

763 1187 988 1258 Sancti
1014 1186 1063 1256 J
1063 1206 1368 1254 omma
1395 1183 1736 1252 Bmm
1772 1126 2082 1253 durantes
2103 1206 2221 1272 per
2248 1184 2618 1275 quindecim
2655 1183 2793 1252 dies
2818 1188 3155 1273 sequentes
3183 1185 3257 1253 in
3284 1184 3522 1273 quibus

763 1348 914 1396 vero
961 1323 1278 1393 nundinis
1321 1321 1647 1409 predictus
1696 1320 2204 1390 constabularius
2246 1325 2464 1390 noster
2504 1321 2715 1411 capiet
2754 1322 3075 1391 tolnetum
3115 1326 3411 1391 nostrum
3453 1326 3522 1392 et

763 1463 922 1532 alias
949 1466 1276 1532 custumes
1311 1459 1499 1528 nobis
1526 1459 1792 1528 debitas.
1881 1459 1978 1526 Et
2005 1461 2180 1546 quod
2223 1460 2305 1528 de
2339 1463 2547 1528 cetero
2588 1459 2661 1526 in
2689 1459 2931 1528 eisdem
2963 1459 3275 1528 nundinis
3300 1463 3523 1530 teneat

763 1600 981 1668 omnia
1015 1598 1256 1688 placita
1301 1619 1528 1666 corone
1567 1598 1649 1665 de
1685 1596 2069 1664 omnimodis
2105 1595 2366 1664 feloniis
2402 1596 2578 1664 inira
2602 1596 2857 1665 bundas
2881 1597 3201 1666 libertatis
3226 1597 3521 1686 ejusdem

747 1737 918 1805 ·vi]le
963 1735 1349 1804 durantibus
1396 1735 1530 1803 illis
1573 1733 1886 1802 nundinis
1934 1733 2141 1802 iactas
2191 1756 2266 1801 ac
2315 1733 2447 1801 alia
2492 1735 2733 1821 placita
2780 1737 2864 1804 de
2912 1735 3523 1826 transgressionibus

763 1874 998 1943 debitis
1025 1872 1560 1956 convencionibus
1586 1876 1655 1940 et
1681 1872 1828 1940 aliis
1869 1871 2136 1940 diversis
2179 1870 2609 1940 contractibus
2648 1871 3017 1961 ubicunque
3044 1872 3294 1941 fuerint
3317 1873 3519 1957 facti3
3656 1929 3663 1938 .

765 2014 834 2080 et
891 2011 1312 2080 concessimus
1374 2009 1680 2098 predictis
1741 2007 2173 2098 burgensibus
2241 2007 2477 2076 nostris
2534 2009 2709 2096 quod
2767 2010 3152 2079 durantibus
3220 2011 3525 2098 predictis

762 2150 1074 2218 nundinis
1115 2150 1340 2218 nullus
1385 2153 1701 2218 mercator
1743 2149 1994 2235 aliquas
2037 2147 2473 2214 mercandizas
2514 2148 2690 2215 emat
2722 2151 2840 2214 aut
2875 2149 3116 2215 vendat
3153 2153 3337 2215 extra
3374 2149 3523 2218 illas

761 2287 1087 2356 nundinas
1125 2287 1298 2356 inter
1335 2285 1682 2374 Rempney
1705 2290 1772 2354 et
1797 2286 2122 2373 pulcanan
2151 2283 2271 2352 sub
2300 2283 2711 2351 forisfactura
2731 2307 2954 2352 eorum
2974 2286 3523 2354 mercandizarum

763 2429 832 2492 et
875 2425 1062 2514 gravi
1107 2424 1641 2504 amerciamento;
1697 2427 1763 2490 et
1804 2423 1930 2490 alie
1969 2423 2263 2489 nundine
2302 2421 2435 2488 sint
2480 2422 2566 2488 ad
2606 2421 2848 2489 festum
2890 2421 3275 2491 Nativitatis
3317 2424 3523 2492 Beate

763 2561 1007 2629 Mnus
1051 2584 1178 2649 que
1223 2561 1516 2628 nundine
1562 2559 1778 2649 quiete
1825 2559 1958 2626 sint
2002 2559 2084 2626 de
2129 2558 2458 2628 theolonio
2498 2561 2761 2626 tantum
2801 2560 2875 2626 in
2913 2559 3142 2650 vigilia
3192 2565 3260 2629 et
3300 2561 3372 2629 in
3416 2562 3523 2630 die

761 2700 1056 2790 sequenti
1085 2724 1102 2780 ;
1170 2699 1593 2767 concessimus
1649 2698 1913 2785 insuper
1967 2697 2239 2786 prefatis
2294 2695 2723 2784 burgensibus
2777 2697 3014 2765 nostris
3069 2700 3244 2785 quod
3303 2699 3523 2767 omnia

760 2837 998 2924 placita
1043 2841 1110 2904 et
1161 2836 1418 2924 querele
1468 2839 1608 2902 tam
1654 2835 1735 2902 de
1780 2833 2036 2902 hutesio
2085 2835 2360 2902 clamore
2406 2833 2722 2922 sanguine
2764 2835 2911 2904 fuso
2950 2857 3146 2921 quam
3189 2835 3271 2904 de
3313 2840 3521 2905 trans-

764 2973 1194 3064 gressiom‘bus
1235 2973 1470 3042 debitis
1513 2972 2048 3042 convencionibus
2093 2978 2160 3041 et
2205 2974 2352 3041 aliis
2396 2971 2825 3041 contu-actibus
2869 2973 3137 3040 diversis
3180 2976 3263 3041 de
3314 2980 3521 3043 cetero

763 3110 1153 3197 placitentur
1179 3112 1248 3175 et
1273 3108 1706 3176 terminentur
1731 3108 1804 3175 in
1831 3107 2170 3176 hundredo
2197 3109 2353 3177 ville
2391 3115 2607 3178 nostre
2648 3110 2932 3198 predicte
2961 3112 3243 3198 exceptis
3267 3113 3525 3199 placitis

759 3267 991 3315 corone
1031 3246 1325 3313 forestall
1365 3244 1692 3313 homesok'
1722 3247 1791 3312 et
1830 3244 2086 3332 placitis
2126 3249 2315 3313 terre.
2404 3244 2718 3316 Volentes
2763 3247 2967 3315 eciam
3005 3253 3074 3315 et
3104 3248 3521 3317 concedentes

761 3384 938 3470 quod
965 3381 1472 3451 constabularius
1499 3387 1716 3451 noster
1743 3382 1826 3449 de
1854 3380 2180 3449 Kanmrr
2212 3381 2327 3471 qui
2359 3404 2477 3469 pro
2504 3388 2792 3469 tempore
2820 3383 3022 3451 fuerit
3048 3388 3267 3453 teneat
3294 3388 3520 3456 eadem

757 3520 1096 3589 hundreda
1122 3524 1342 3587 nostra
1378 3520 1461 3587 de
1500 3518 1830 3607 quindena
1864 3520 1936 3586 in
1965 3520 2363 3607 quindenam
2405 3524 2472 3587 et
2503 3521 2744 3607 placita
2784 3525 3009 3589 vocata
3050 3522 3396 3610 pipoudres
3432 3525 3515 3593 de

759 3658 867 3725 die
895 3658 966 3724 in
994 3656 1171 3725 diem
1200 3658 1459 3744 quando
1487 3680 1737 3725 necesse
1783 3656 1986 3724 suerit
2013 3661 2080 3725 et
2118 3659 2293 3745 quod
2332 3658 2551 3725 omnia
2577 3658 2709 3725 alia
2751 3658 3080 3727 libertates
3107 3660 3261 3729 ville
3302 3667 3518 3731 nostre

761 3796 1045 3882 predicte
1073 3796 1414 3883 tangentia
1443 3794 1575 3862 sint
1600 3794 1950 3863 terminata
1976 3799 2044 3862 et
2071 3817 2287 3863 coram
2323 3795 2463 3882 ipso
2490 3795 2835 3863 verificata.
2946 3795 3043 3864 Et
3070 3800 3243 3885 quod
3268 3798 3407 3887 ipse
3435 3803 3518 3869 de

759 3938 967 4001 cetero
986 3933 1071 4000 sit
1090 3930 1316 4020 Major
1331 3930 1627 4019 ejusdem
1646 3932 1819 3999 ville.
1870 3931 2012 4000 Nos
2029 3936 2249 3999 autem
2271 3932 2653 3999 donaciones
2669 3935 2735 3999 et
2753 3932 3181 4003 concessiones
3200 3936 3518 4024 predictas

757 4076 932 4140 ratas
955 4071 1269 4140 habentes
1296 4075 1364 4138 et
1391 4074 1610 4159 gratas
1637 4092 1745 4137 eas
1770 4092 1889 4156 pro
1916 4068 2103 4138 nobis
2131 4071 2200 4137 et
2225 4068 2567 4139 heredibus
2594 4070 2827 4138 nostris
2854 4072 3158 4158 predictis
3176 4072 3515 4163 burgensi-

757 4208 882 4278 bus
909 4209 1144 4279 nostris
1171 4208 1578 4277 concedimus
1605 4210 1672 4274 et
1701 4206 2150 4273 confirmamus
2178 4228 2411 4293 easque
2437 4211 2659 4275 tenore
2684 4209 3083 4294 presencium
3099 4210 3483 4279 innovamus
3495 4236 3512 4294 3

759 4348 1046 4415 volentes
1073 4352 1142 4415 et
1168 4346 1584 4413 concedentes
1621 4365 1739 4430 pro
1766 4341 1954 4411 nobis
1980 4346 2048 4409 et
2083 4341 2427 4410 heredibus
2452 4344 2688 4411 nostris
2716 4345 2891 4431 quod
2920 4350 3097 4413 carta
3128 4348 3415 4434 predicta
3441 4348 3515 4415 in

758 4483 1057 4552 omnibus
1107 4487 1174 4551 et
1231 4481 1506 4569 singulis
1555 4479 1842 4547 articulis
1900 4477 2032 4545 suis
2087 4477 2564 4565 imperpetuum
2620 4480 2893 4548 firmiter
2940 4486 3009 4548 et
3056 4482 3515 4553 inviolabiliter

753 4616 1126 4687 observetur
1151 4618 1370 4706 aliqua
1398 4602 1872 4703 interrupcione
1897 4637 2031 4684 non
2061 4613 2357 4683 obstante
2385 4616 2643 4684 eciamsi
2670 4618 2874 4705 aliqui
2902 4620 3158 4687 articuli
3183 4620 3256 4687 in
3284 4622 3511 4689 eadem

754 4760 932 4823 carta
959 4756 1244 4824 contenti
1269 4754 1601 4841 hucusque
1627 4751 1902 4822 forsitan
1929 4773 2063 4820 non
2089 4751 2341 4823 fuerint
2366 4752 2701 4823 observati.
