4418 5888
3328 841 3457 908 319

791 1172 1199 1266 presentibus
1227 1191 1523 1259 expresso
1551 1167 1625 1235 in
1653 1165 2048 1235 eontrarium
2071 1165 2229 1232 inde
2256 1184 2391 1230 non
2420 1161 2733 1229 obstante.
2824 1157 2967 1226 Nos
3010 1147 3239 1224 nutem‘
3256 1161 3551 1224 tenorem

794 1315 1202 1382 dem-etenim
1228 1306 1664 1400 predictorum
1691 1305 2000 1373 duximus
2025 1299 2634 1390 exemplifloandum
2660 1319 2778 1386 per
2804 1299 3146 1385 presentes.
3238 1293 3326 1361 In
3364 1292 3549 1380 eujus

793 1423 892 1518 rei
918 1447 1365 1517 testimonium
1391 1444 1511 1512 has
1540 1444 1764 1512 literas
1789 1446 2040 1510 nostras
2067 1440 2209 1508 fieri
2248 1437 2519 1506 fecimus
2557 1437 2868 1523 petentes.
2960 1431 3154 1500 'Peste
3192 1429 3551 1498 Enwnno

794 1587 866 1656 N
867 1606 1092 1653 omns.
1147 1582 1358 1650 milite
1407 1579 1585 1671 apud
1635 1579 2337 1649 Wssruonmsnmm
2395 1573 2642 1641 deoimo
2692 1571 2799 1638 die
2848 1568 3077 1638 Martii
3134 1590 3306 1636 anno
3360 1567 3553 1656 regni

795 1721 1003 1792 nostri
1032 1720 1262 1811 primo.
3230 1703 3463 1772 Dun.

882 1858 1241 1928 Irrotulsts
1267 1879 1350 1923 ex
1377 1859 1561 1944 parte
1594 1853 1934 1920 Enwsnm
1967 1849 2327 1920 Gos'rwmx
2356 1847 2686 1929 auditoris,
2710 1847 2831 1927 viz,
2864 1846 2949 1912 23
2980 1843 3087 1910 die
3114 1842 3349 1910 Marcii
3377 1863 3549 1911 anno

793 1998 985 2086 regni
1011 1997 1187 2086 regis
1217 1995 1558 2061 Enwnm
1589 1991 1756 2060 sexti
1782 1991 1994 2080 prime
2022 2012 2138 2078 per
2164 1986 2585 2054 Enwumnu
2617 1983 2956 2052 Gosrwm
2984 1981 3362 2050 auditorem.

2039 2297 2340 2368 CCGOL.

795 2451 1372 2531 QUIT-OLAJM
1437 2450 1558 2518 OF
1617 2449 1818 2518 THE
1882 2447 2259 2516 MOOETY
2318 2446 2439 2514 OF
2499 2445 2711 2516 Two
2771 2427 3350 2528 TENEMENTS
3416 2444 3553 2513 BY

1023 2587 1446 2658 HOWELL
1495 2587 1624 2656 ΑΡ
1675 2585 1984 2656 DAVID
2034 2585 2159 2653 ΑΡ
2211 2583 2528 2654 JEVAN
2572 2579 2897 2650 LLOYD
2948 2580 3068 2649 ΤΟ
3116 2579 3563 2650 WILLIAM

1027 2727 1194 2795 ms
1255 2724 1454 2794 SON.

1997 2832 2111 2923 [s.
2148 2831 2230 2900 o.
2268 2830 2385 2921 E]

2414 2983 2457 3048 7
2503 2981 2692 3048 Mu.
2784 2980 2821 3047 l
2870 2979 3019 3047 En:
3063 2979 3191 3050 VI.
3285 2981 3474 3049 1547.

897 3131 1216 3201 Omnibus
1255 3132 1342 3199 ed
1383 3154 1546 3218 quos
1587 3154 1849 3219 presens
1899 3132 2206 3219 seriptum
2268 3132 2634 3220 pervenerit
2719 3130 3034 3197 Hownm,
3078 3153 3159 3219 ap
3204 3130 3439 3197 stm
3483 3155 3567 3221 sp

805 3268 1046 3337 anm
1079 3268 1318 3336 LLon)
1346 3270 1624 3337 salutem
1650 3268 1722 3335 in
1751 3269 2014 3336 domino
2042 3266 2519 3357 sempiternam.

902 3406 1234 3475 Noveritis
1260 3428 1366 3473 me
1404 3406 1735 3496 prefatum
1777 3370 2094 3473 Horma
2134 3405 2483 3473 remississe
2524 3405 2843 3471 relaxasse
2887 3410 2956 3473 et
2997 3406 3259 3473 omnino
3300 3428 3419 3493 pro
3460 3428 3567 3475 me

803 3546 892 3613 et.
905 3542 1248 3611 heredibus
1275 3542 1436 3609 meis
1481 3544 1960 3633 imperpetuum
2003 3542 2299 3629 quietum
2341 3542 2645 3609 clamasse
2689 3540 3081 3610 Wummuo
3124 3565 3209 3631 ap
3252 3542 3567 3612 Hownu

807 3680 943 3747 filio
967 3702 1115 3749 meo
1143 3681 1214 3747 in
1243 3701 1360 3747 sua
1387 3680 1583 3769 plena
1609 3686 1676 3748 et
1702 3680 1968 3768 paoiflon.
1993 3681 2388 3769 possessione
2416 3678 2719 3747 existenti
2747 3678 3089 3745 heredibus
3120 3685 3185 3746 et
3214 3682 3559 3768 assignatis

803 3816 944 3884 suis
969 3816 1448 3905 imperpetuum
1474 3822 1690 3885 totum
1716 3816 1827 3905 jus
1855 3839 2075 3885 meum
2102 3816 2373 3886 titulum
2400 3816 2719 3883 olumeum
2751 3816 3140 3883 demandam
3168 3822 3234 3884 et
3260 3818 3569 3887 interesse

808 3974 939 4040 que
995 3974 1288 4039 unquam
1344 3951 1546 4020 habui
1603 3952 1812 4021 habeo
1869 3976 1984 4021 seu
2041 3954 2458 4041 quovismodo
2507 3952 2579 4021 in
2628 3952 2851 4019 futuro
2901 3951 3137 4021 habere
3191 3958 3415 4041 potero
3464 3955 3570 4023 vel

805 4088 1098 4177 poterint
1154 4087 1423 4155 heredes
1479 4088 1612 4157 mei
1663 4090 1748 4157 de
1805 4094 1872 4157 et
1921 4090 1995 4157 in
2052 4089 2457 4157 dimidietate
2512 4089 2790 4158 duorum
2846 4092 3366 4159 tenementorum
3422 4114 3573 4161 eum

807 4224 1116 4293 omnibus
1143 4225 1275 4292 suis
1302 4225 1712 4314 pertinentiis
1753 4247 2031 4314 quorum
2071 4248 2283 4295 unum
2324 4231 2590 4295 vocatur
2630 4224 2951 4293 Bsnnsoo
2993 4230 3059 4293 et
3102 4226 3268 4294 alter
3308 4232 3575 4297 vocatur

812 4359 1294 4429 ΡΑΝτ-Υ-Τοιο
1319 4359 1678 4449 jacentium
1705 4367 1770 4430 et
1794 4362 2216 4430 existentium
2243 4362 2315 4429 in
2342 4360 2648 4451 parochis.
2674 4360 2900 4429 Sancti
2925 4360 3170 4431 [trun
3194 4369 3260 4432 et
3285 4340 3574 4434 dominio

808 4498 900 4566 de
927 4496 1140 4567 Nm
1169 4520 1368 4566 cnm
1408 4499 1480 4565 in
1525 4500 1834 4566 comitatu
1879 4496 2447 4567 Gnmouemmn.
2536 4498 2649 4566 Ita
2688 4520 2841 4566 vero
2883 4499 3059 4586 quod
3100 4522 3219 4567 neo
3264 4522 3388 4590 ego
3430 4524 3573 4589 pre-

807 4633 1030 4703 dictus
1057 4632 1372 4702 Hom
1399 4658 1520 4703 nee
1547 4634 1816 4703 heredes
1840 4636 1974 4703 mei
2013 4602 2245 4723 neque⁸
2272 4636 2507 4724 aliquis
2548 4636 2715 4702 alins
2754 4656 2873 4725 per
2911 4658 3031 4703 nos
3072 4658 3189 4725 pro
3232 4636 3419 4707 nobis
3460 4660 3575 4708 seu

807 4770 1082 4839 nomine
1109 4778 1330 4841 nostro
1357 4772 1622 4859 aliquod
1646 4770 1759 4861 jus
1799 4770 2071 4841 titulum
2107 4773 2427 4840 olameum
2470 4772 2866 4840 domandum
2891 4794 3007 4840 seu
3034 4772 3340 4842 interesse
3382 4774 3465 4871 de
3506 4779 3577 4845 et
