4418 5888
3258 793 3387 861 163

721 1113 810 1181 da
833 1108 1118 1178 Kmm
1141 1107 1260 1196 qui
1284 1128 1404 1195 pro
1427 1109 1718 1195 tempore
1737 1104 1940 1173 fuerit
1965 1106 2071 1174 vel
2096 1104 2315 1173 Maior
2339 1086 2766 1195 burgi'nostri
2792 1106 3279 1195 predictiprout
3303 1106 3479 1175 anti·

727 1248 948 1339 quitus
963 1246 1108 1318 fleri
1136 1245 1586 1315 consueverint
1609 1250 1681 1313 et
1705 1246 1788 1313 de
1813 1242 2245 1333 burgensibus
2270 1245 2507 1312 nostris
2532 1244 2836 1333 predictis
2862 1245 3113 1335 eligant
3138 1246 3479 1315 duodecim

726 1386 1078 1475 burgenses
1103 1386 1188 1454 de
1213 1382 1428 1473 magis
1454 1380 1918 1451 sufficienfibus
1938 1387 2006 1450 et
2031 1381 2509 1451 discretioribus
2534 1382 2875 1472 cujusdem
2898 1382 3097 1471 burg-i
3122 1382 3239 1472 qui
3265 1405 3482 1451 coram

728 1486 916 1595 nobis
967 1526 1345 1612 presentent
1397 1524 1870 1589 sacramentum
1925 1522 2014 1589 ad
2065 1516 2356 1609 burgum
2410 1524 2705 1589 nostrum
2759 1520 3122 1611 predictum
3182 1520 3349 1589 bene
3411 1525 3481 1589 et

731 1662 1007 1731 fideliter
1053 1660 1572 1751 gubernandum.
1661 1658 1758 1727 Et
1807 1660 1982 1749 quod
2029 1658 2231 1728 iidem
2280 1658 2621 1727 duodecim
2667 1658 3020 1747 burgenses
3060 1658 3481 1748 imposterum

729 1798 1147 1867 nominentur
1179 1796 1588 1867 aldermanni
1625 1794 1824 1885 burgi
1859 1798 2065 1865 nostri
2107 1798 2399 1886 predicti.
2508 1796 2605 1865 Et
2640 1798 2815 1886 quod
2852 1799 2941 1866 ad
2976 1798 3219 1865 festum
3256 1798 3483 1867 Sancfi

733 1935 1130 2005 mammas
1185 1934 1584 2023 ambiangeli
1638 1935 1932 2023 proxime
1987 1934 2290 2003 futurum
2346 1939 2415 2005 et
2468 1935 2759 2024 quolibet
2820 1958 2993 2004 anno
3058 1936 3481 2023 imposterum

732 2074 934 2141 iidem
987 2072 1266 2161 predicti
1319 2070 1726 2140 aldermanni
1771 2076 1840 2139 et
1885 2070 2239 2161 burgenses
2284 2074 2492 2141 nostri
2538 2074 2813 2163 predicti
2860 2074 3113 2163 eligant
3158 2075 3243 2142 de
3292 2072 3489 2143 dictis

734 2208 1164 2299 burgensibus
1189 2209 1426 2277 nostris
1452 2212 1731 2296 quatuor
1769 2208 2066 2277 homines
2093 2210 2176 2277 de
2203 2210 2666 2279 sufficientibus
2707 2210 2822 2299 qui
2868 2261 3481 2279 ..........

735 2348 1136 2417 vocabuntur
1159 2351 1526 2436 porti-eeves
1549 2347 1634 2415 de
1662 2345 1898 2433 quibus
1924 2345 2435 2416 constabularius
2450 2351 2669 2415 noster
2692 2349 2777 2416 de
2796 2346 3081 2417 Kanna
3102 2348 3306 2438 eligat
3324 2348 3493 2417 duos

735 2486 998 2555 nomine
1024 2488 1244 2553 nossa-o
1273 2484 1390 2572 qui
1413 2484 1836 2573 imposterum
1861 2483 2183 2551 nominafi
2222 2488 2415 2553 erunt
2450 2483 2680 2553 ballivi
2713 2484 2911 2575 burgi
2947 2484 3153 2553 nostri
3188 2484 3483 2573 predicti.

735 2624 1042 2713 thuod
1078 2618 3255 2711 eliganteciamduosservientescumbaculisvocatismasesde
3293 2621 3494 2689 armis

737 2762 972 2831 nostris
996 2764 1330 2851 portantes
1357 2758 1472 2848 qui
1497 2758 1919 2848 imposterum
1945 2756 2267 2826 nominati
2294 2760 2488 2825 erunt
2514 2762 2905 2846 sergeaunts.
2996 2757 3093 2826 Et
3128 2759 3305 2846 qnod
3331 2758 3492 2827 dicti

737 2898 966 2970 ballivi
991 2902 1062 2969 et
1087 2898 1436 2970 servientes
1480 2947 2032 2966 .........
2077 2895 2164 2964 ad
2191 2894 2441 2964 dictum
2466 2892 2753 2984 burgum
2788 2900 3085 2966 nostrum
3118 2898 3267 2964 cum
3302 2896 3491 2966 dictis

739 3037 1177 3106 aldea-mannis
1200 3035 1366 3106 bene
1393 3039 1462 3105 et
1485 3033 1766 3104 fideliter
1791 3033 2291 3123 gubernandum
2318 3055 2393 3102 ac
2420 3033 2688 3102 donaria
2708 3037 2775 3104 et
2794 3039 3113 3103 costumos
3130 3033 3285 3103 inde
3304 3033 3491 3104 nobis

741 3175 990 3244 debitos
1005 3175 1444 3264 colligendum
1459 3177 1529 3241 et
1541 3173 1894 3242 levandum
1907 3193 2124 3240 coram
2139 3171 2608 3241 constabulario
2622 3176 2843 3240 nostro
2858 3173 2931 3240 in
2948 3173 3255 3242 scaccario
3270 3177 3493 3242 nostro

742 3315 824 3382 de
855 3312 1141 3381 Kmne
1187 3361 1536 3380 ......
1579 3309 1750 3380 bunt
1780 3313 1976 3398 prout
2006 3310 2090 3377 de
2128 3307 2417 3397 antiquis
2441 3309 2582 3376 fleri
2616 3314 3099 3379 consueverunt.
3188 3309 3285 3378 Et
3316 3311 3495 3398 quod

742 3451 1090 3520 decedente
1142 3449 1362 3538 aliquo
1410 3449 1830 3517 aldermanno
1877 3445 2054 3515 inira
2089 3445 2377 3535 burgum
2412 3446 2777 3535 predictum
2808 3447 3051 3516 residui
3087 3447 3493 3518 aldermanni

741 3587 1114 3676 superstites
1134 3589 1297 3656 duos
1315 3587 1422 3656 vel
1441 3587 1646 3654 alium
1667 3587 1750 3654 de
1768 3583 1983 3674 magis
2001 3583 2463 3654 sufficientibus
2484 3589 2552 3652 et
2571 3584 3045 3654 disoeetioribus
3063 3584 3493 3674 burgensibus

741 3724 939 3815 burgi
963 3724 1171 3794 nostri
1195 3725 1470 3813 predicti
1494 3725 1636 3792 loco
1663 3745 1778 3792 suo
1805 3721 2058 3812 eligant
2089 3727 2157 3790 et
2189 3744 2299 3790 eos
2330 3722 2437 3790 vel
2470 3745 2621 3790 eum
2654 3721 3125 3791 constabulario
3156 3727 3377 3792 nostro
3408 3725 3496 3792 de

743 3862 1026 3932 Kanmr
1071 3885 1191 3951 pro
1232 3867 1522 3951 tempore
1557 3861 1872 3930 existente
1905 3863 2279 3949 presentent
2311 3860 2427 3948 qui
2461 3883 2675 3928 coram
2710 3860 2852 3948 ipso
2890 3866 3205 3950 tanquam
3236 3856 3495 3930 Maiore

743 4000 874 4069 duo
899 4023 984 4089 pr
1026 4050 1310 4068 .....
1353 3998 1564 4069 abunt
1588 3999 1694 4068 vel
1739 4047 2154 4067 .......
2184 3997 2327 4067 abit
2351 4001 2546 4068 modo
2572 3999 2958 4087 supradicto,
3048 3997 3137 4067 In
3176 3999 3366 4088 cujus
3396 3999 3495 4069 rei

741 4136 1186 4206 testimonium
1210 4135 1366 4206 huic
1391 4137 1676 4226 presenti
1701 4139 1874 4205 carte
1909 4135 2277 4205 donationis
2314 4140 2382 4204 et
2414 4137 2919 4205 confirmationis
2950 4139 3168 4204 nostre
3202 4135 3494 4226 sigillum

742 4275 1120 4344 cancellarie
1144 4279 1362 4344 nostre
1389 4275 1473 4344 de
1499 4273 1784 4344 Kanna·
1811 4273 2245 4364 apposuimus.
2334 4271 2495 4341 Hiis
2520 4273 2794 4342 testibus
2830 4273 3307 4343 venerabilibus
3336 4274 3496 4343 viris

745 4411 1024 4482 Leisano
1079 4411 1314 4483 abbate
1369 4413 1452 4482 de
1509 4412 1767 4481 Num
1852 4410 2251 4483 Wmnmo
2308 4409 2541 4480 abbate
2604 4413 2689 4480 de
2751 4411 3073 4480 Manem
3157 4411 3207 4481 J
3206 4433 3495 4480 omna

746 4548 1189 4618 Srnmnmon
1257 4554 1416 4620 tuno
1485 4549 1846 4620 vicecomiti
1913 4553 2132 4618 nostre
2205 4548 2753 4620 Gamoaemcm
2824 4555 2895 4618 et
2947 4549 3370 4618 nominem
3428 4555 3497 4620 et

745 4685 1060 4756 Ounno
1116 4689 1200 4758 de
1253 4687 1494 4760 Sancto
1541 4688 1878 4759 Jomrmn
1925 4687 2247 4758 militibus
2330 4686 2380 4757 J
2380 4708 2668 4756 omnum
2716 4687 3074 4756 Mannum
3158 4685 3497 4756 Jomxa
