4418 5888
3430 893 3515 958 39

841 1199 1044 1266 fuerit
1086 1198 1226 1266 sine
1267 1200 1580 1267 dilatione
1623 1200 1848 1268 mittas
1889 1204 1956 1268 ct
1999 1199 2120 1266 hoc
2152 1199 2365 1270 breve.
2456 1201 2651 1270 Teste
2684 1201 3039 1272 Emmnno
3070 1203 3257 1272 Duce
3294 1204 3598 1274 Eccum:

839 1338 1104 1404 custode
1123 1337 1470 1406 Ancum
1518 1338 1694 1426 apud
1740 1337 2443 1407 Wnsruonas‘fflmuu
2486 1361 2647 1407 xxv,
2693 1341 2801 1408 die
2842 1341 2891 1409 J
2890 1342 3145 1409 anuarii
3188 1365 3363 1411 anno
3404 1343 3595 1432 regni
3649 1337 3657 1346 ’
3795 1396 3804 1405 .

845 1473 1052 1564 Regis
1079 1474 1327 1542 decimo
1355 1479 1596 1542 octavo.
3074 1479 3505 1548 Hunmom.

929 1675 1316 1748 Inuum-no
1353 1681 1544 1764 capta
1585 1698 1800 1744 coram
1843 1676 1890 1745 J
1891 1699 2176 1744 omi-mn
2224 1677 2577 1746 Momm
2618 1685 2935 1748 escaetore
2978 1682 3227 1748 domini
3271 1681 3478 1771 Regis
3517 1683 3591 1750 in

839 1815 1155 1882 comitatu
1211 1814 1608 1883 WYeomun
1667 1818 1844 1904 apud
1901 1815 2357 1885 WYGORNIAM
2408 1817 2513 1884 die
2564 1817 2611 1886 J
2612 1841 2760 1885 oms
2808 1820 3103 1907 proximo
3160 1825 3307 1909 post
3356 1821 3597 1890 festum

841 1952 1306 2042 purificationis
1363 1953 1550 2020 beate
1606 1951 1896 2020 Manum
1941 1953 2240 2042 Virginis
2282 1977 2456 2022 anno
2498 1957 2689 2044 regni
2733 1956 2938 2046 Regis
2982 1957 3280 2024 Rmuzm
3332 1957 3598 2026 secundi

841 2095 987 2180 post
1047 2090 1490 2178 Conquestum
1547 2092 1794 2158 decimo
1851 2095 2077 2160 octavo
2128 2093 2373 2160 virtute
2424 2092 2758 2181 cujusdam
2816 2095 3028 2184 brevis
3083 2096 3334 2164 domini
3394 2096 3594 2186 Regis

843 2228 1054 2296 eidem
1125 2229 1430 2296 escaetcri
1500 2229 1656 2297 inde
1727 2230 1955 2298 directi
2025 2235 2093 2296 et
2163 2230 2571 2320 presentibus
2642 2233 2893 2300 consuti
2950 2257 3068 2322 per
3124 2238 3597 2302 sacramentum

841 2365 1151 2434 Boanum
1193 2368 1274 2435 de
1310 2369 1378 2434 la
1415 2367 1630 2435 Mum
1705 2367 2004 2436 Rmnm
2049 2368 2414 2436 EsTYNToN
2488 2368 2787 2436 Blesum
2831 2369 3223 2439 Har-imme
3297 2371 3597 2440 RmAnm

839 2502 1040 2572 O'rms*¹
1099 2505 1356 2572 Hunni
1460 2505 1507 2574 J
1507 2529 1812 2574 omme
1869 2506 2312 2574 anmmm
2412 2505 2792 2576 Wuneuu
2851 2507 3139 2575 Leimon
3246 2508 3293 2577 J
3294 2531 3599 2577 omi-uus

843 2641 1058 2710 Hom}
1109 2643 1410 2711 Blesum
1438 2643 1769 2711 Bnnonon
1822 2644 1869 2713 J
1870 2667 2173 2712 omme
2203 2643 2425 2711 Pmuo
2482 2643 2864 2714 WILLan
2885 2644 3161 2714 Bmcnn
3212 2644 3596 2715 Wmmn

839 2779 1204 2848 BALDwnr
1263 2786 1332 2848 et
1389 2781 1642 2849 Tuom:
1663 2871 1690 2886 ι.
1703 2783 1889 2850 ΡΑσῐ
1945 2782 2331 2871 juratorum.
2424 2781 2561 2856 Qui
2611 2783 2839 2850 dicunt
2886 2803 3080 2871 super
3120 2792 3595 2852 sacramentum

845 2940 1038 2987 suum
1068 2921 1240 3009 quod
1269 2919 1316 2987 J
1316 2942 1605 2989 omnm
1634 2944 1799 3010 quae
1828 2921 1957 2989 fuit
1989 2946 2154 2989 uxor
2182 2919 2499 2989 Humum
2536 2919 2929 2989 GREYNDUB
2969 2921 3041 2989 in
3083 2923 3369 3011 predicto
3411 2921 3595 2991 brevi

841 3060 1178 3126 nominata
1226 3059 1440 3126 tenuit
1499 3060 1606 3125 die
1656 3082 1785 3147 quc
1830 3059 1994 3127 obiit
2044 3060 2126 3125 de
2169 3059 2435 3126 domino
2488 3056 2675 3146 Rege
2720 3059 2793 3125 in
2843 3060 3053 3147 capite
3098 3060 3461 3127 manerium
3509 3060 3592 3128 de

841 3194 1240 3270 Qunmmnn
1283 3201 1624 3286 exceptum
1653 3198 1934 3264 serviciis
1963 3198 2241 3263 duorum
2269 3196 2623 3263 solidorum
2662 3195 3049 3263 exeuntibus
3077 3198 3159 3263 de
3186 3220 3319 3265 unc
3348 3219 3590 3265 messu-

837 3335 990 3423 agio
1047 3340 1113 3401 et
1173 3358 1309 3401 una
1365 3340 1664 3402 carucata
1717 3339 1927 3403 terrae
1979 3357 2127 3401 cum
2176 3334 2592 3422 pertinenciis
2640 3334 2710 3401 in
2762 3334 3082 3402 Bam-ms
3130 3334 3426 3402 Mon-ron
3477 3336 3593 3421 qui

843 3473 1105 3559 quidem
1134 3471 1265 3539 duo
1293 3471 1554 3539 solidati
1580 3472 1873 3539 redditus
1901 3476 2056 3539 sunt
2082 3473 2349 3561 parcelli
2392 3472 2549 3539 dicti
2592 3472 2867 3539 manerii
2908 3473 2991 3538 de
3034 3471 3434 3546 Qum-mum,
3475 3495 3594 3561 per

839 3609 1176 3677 servicium
1231 3611 1636 3677 reddendum
1695 3611 2034 3677 annuatim
2082 3612 2169 3678 ad
2220 3611 2603 3677 scaccarium
2662 3610 2911 3676 domini
2964 3608 3169 3696 Regis
3216 3610 3303 3676 ad
3352 3610 3591 3677 festum

840 3745 1062 3813 Sancti
1113 3746 1508 3814 Mlcmmms
1552 3771 1757 3814 unum
1801 3771 2027 3816 canem
2070 3749 2153 3814 de
2195 3752 2383 3815 muta
2422 3770 2540 3835 pro
2584 3747 2762 3813 omni
2807 3747 3070 3813 servicio
3114 3748 3200 3813 ad
3236 3748 3590 3813 terminum

835 3884 968 3951 vite
998 3884 1167 3951 dicte
1195 3884 1243 3951 J
1244 3906 1529 3951 ommni·
1560 3908 1640 3952 ex
1671 3886 2042 3952 dimissione
2070 3909 2282 3973 nuper
2312 3885 2488 3965 facta
2514 3908 2631 3972 per
2668 3884 2715 3951 J
2716 3906 3058 3951 ommium
3091 3884 3494 3951 annm·
3524 3889 3593 3952 et

833 4020 1339 4089 ELmzmu
1379 4044 1648 4090 uxorem
1687 4022 1832 4109 ejus
1865 4028 1933 4089 et
1981 4023 2365 4089 Romu-TUM
2408 4020 2839 4089 Unmfflmm,
2884 4026 2950 4087 et
2992 4019 3041 4088 J
3042 4043 3277 4088 tin-mu
3320 4044 3591 4090 uxorem

827 4159 976 4247 ejus
1033 4160 1390 4227 EDWAn-no
1447 4159 1736 4228 Knnnrs
1797 4160 1875 4250 [1³-
1889 4159 1954 4249 ἓ]
2017 4184 2228 4247 nuper
2278 4160 2417 4227 viro
2466 4159 2751 4247 predicte
2801 4158 2849 4225 J
2849 4180 3137 4225 onmem
3189 4164 3256 4225 et
3298 4161 3584 4247 predicte

839 4297 888 4366 J
886 4320 1172 4365 cmm-m
1200 4302 1268 4366 et
1295 4298 1640 4365 heredibus
1668 4299 1829 4365 dicti
1859 4298 2222 4364 Enwuzm.
2284 4296 2379 4363 Et
2404 4297 2631 4363 dicunt
2651 4296 2826 4382 quod
2846 4295 3173 4384 predictus
3194 4296 3591 4364 Enwuums

835 4436 996 4505 obiit
1037 4438 1178 4504 sine
1220 4436 1564 4503 heredibus
1607 4436 1688 4503 de
1731 4458 1991 4523 corpore
2021 4458 2137 4501 suo
2168 4432 2572 4502 exeuntibus.
2664 4432 2758 4498 Et
2795 4433 3022 4500 dicunt
3056 4434 3231 4519 quod
3264 4433 3591 4521 predictus

837 4572 1232 4641 Enwmus
1291 4572 1522 4641 habuit
1579 4574 1904 4662 quendam
1950 4573 2221 4639 fratrem
2278 4570 2733 4641 Wuuzmnm
2785 4570 3099 4637 seniorem
3150 4570 3264 4656 qui
3322 4570 3586 4656 quidem

841 4710 1266 4781 wasemes
1293 4712 1524 4779 habuit
1553 4712 1802 4780 exitum
1831 4710 2159 4797 quandam
2203 4709 2407 4775 filiam
2448 4712 2515 4774 et
2553 4708 2855 4775 heredem
2883 4705 2930 4774 J
2931 4727 3275 4785 onmium
3303 4710 3370 4771 et
3399 4704 3583 4789 obiit,

841 4868 965 4933 que
1022 4852 1282 4936 quidem
1341 4850 1388 4917 J
1389 4872 1678 4917 omns
1747 4847 1978 4915 habuit
2036 4848 2285 4914 exitum
2349 4848 2512 4913 duas
2576 4846 2743 4912 filias
2814 4849 2879 4911 et
2951 4842 3217 4909 heredes
3279 4841 3585 4911 videlicet
