4418 5888
922 872 1053 939 240

881 1186 1181 1274 proficuis
1207 1188 1381 1255 dicto
1418 1187 1705 1257 manerio
1742 1188 2216 1275 pertinentibus
2255 1194 2322 1255 et
2359 1188 2795 1277 spectantibus
2831 1189 3277 1276 pronominum
3316 1188 3638 1256 Homo

881 1324 1225 1393 heredibus
1271 1331 1339 1393 et
1382 1326 1727 1415 assignatis
1774 1326 1906 1393 suis
1954 1327 2231 1395 durante
2275 1326 2554 1395 termino
2591 1327 2878 1415 predioto
2915 1327 3276 1417 nonaginta
3313 1349 3634 1395 annorum
3729 1356 3744 1367 ·

880 1466 1105 1529 contra
1152 1486 1375 1532 omnes
1418 1469 1646 1553 gentes
1688 1464 2250 1533 warantizabimus
2299 1470 2367 1533 et
2409 1464 2850 1533 defendemus.
2939 1464 3028 1533 In
3073 1466 3178 1554 cuj
3183 1490 3262 1533 us
3309 1465 3406 1532 rei
3453 1465 3636 1533 testi·

883 1600 1178 1668 monium
1226 1600 1518 1689 sigillum
1562 1606 1857 1671 nostrum
1898 1624 2028 1690 quo
2068 1603 2320 1669 utimur
2361 1603 2447 1670 ad
2488 1626 2710 1671 causes
2753 1603 3035 1691 preoenti
3083 1603 3317 1691 scripto
3359 1596 3636 1671 {fecimus

882 1738 1139 1825 apponi.
1230 1738 1481 1809 Datum
1550 1742 1726 1829 apud
1798 1739 2092 1807 Immu-
2166 1740 2395 1827 quinto
2467 1742 2576 1809 die
2635 1740 2873 1809 mensis
2929 1739 2978 1809 J
2977 1741 3100 1809 ulii
3155 1764 3328 1809 anno
3382 1741 3636 1807 domini

882 1874 1225 1943 millesimo
1296 1876 1562 1945 cccc’mo
1634 1878 2053 1967 nonagesimo
2124 1878 2325 1947 ix’no.
2415 1879 2510 1948 Et
2574 1903 2748 1948 anno
2807 1880 2996 1969 regni
3053 1878 3259 1969 Regis
3315 1878 3628 1947 Hnmum

883 2012 1141 2099 septimi
1182 2018 1413 2100 quarto
1456 2015 1704 2083 decimo
1746 2019 1816 2084 et
1856 2018 2073 2084 nostre
2114 2016 2610 2085 consecracionis
2651 2040 2826 2085 anno
2867 2016 3082 2085 tercio,

973 2148 1155 2224 Quas
1182 2150 1447 2237 quidem
1474 2153 1940 2221 concessionem
1960 2154 2382 2222 tradicionem
2403 2158 2471 2222 et
2490 2154 2928 2221 dimissionem
2947 2154 3141 2221 modo
3164 2175 3291 2241 quo
3311 2152 3640 2241 prefertur

882 2286 1125 2355 factam
1152 2288 1345 2357 uffles
1382 2288 1523 2357 fore
1558 2295 1945 2379 reputantur
1980 2292 2224 2379 pariter
2260 2295 2330 2359 et
2363 2292 2630 2359 honeste
2669 2314 2745 2359 ac
2779 2292 2854 2358 in
2891 2290 3074 2359 nullo
3111 2288 3300 2358 nobis
3335 2294 3452 2357 aut
3495 2312 3634 2359 suo-

883 2424 1233 2493 cessoribus
1264 2426 1499 2495 nostris
1534 2428 1987 2516 prejudiciales
2022 2434 2306 2498 tractatu
2343 2429 2515 2497 inter
2551 2452 2670 2497 nos
2705 2429 2777 2495 in
2815 2430 3007 2497 domo
3045 2432 3266 2495 nostra
3295 2426 3636 2514 capitulari

882 2562 1389 2633 ansvnnsm.
1426 2588 1625 2651 quam
1682 2566 1755 2633 in
1816 2566 2193 2653 hujusmodi
2255 2568 2652 2693 concessione
2717 2566 3071 2634 tradicione
3139 2570 3206 2632 et
3265 2564 3636 2631 dimissione

883 2700 1235 2787 requiritur
1264 2702 1475 2789 sepius
1502 2702 1839 2790 prehabito
1866 2703 2087 2771 literas
2114 2704 2533 2771 concessionis
2569 2703 2941 2772 tradicionis
2977 2707 3046 2770 et
3083 2701 3473 2769 dimissionis
3515 2700 3639 2770 sub

886 2837 1098 2905 forma
1124 2837 1197 2905 in
1224 2838 1399 2906 dicto
1428 2840 1671 2933 sofiptq
1692 2846 1995 2909 contenta
2022 2840 2452 2929 approbamus
2477 2842 2870 2909 ratificamus
2897 2845 2965 2908 et
3003 2844 3323 2927 quantum
3350 2840 3422 2905 in
3449 2838 3638 2905 nobis

884 2980 982 3042 est
1029 2979 1251 3044 tenore
1300 2979 1703 3065 presencium
1752 2981 2220 3046 confirmamus.
2315 2979 2402 3046 In
2453 2979 2642 3067 cujus
2689 2979 2784 3047 rei
2842 2978 3288 3046 testimonium
3345 2978 3634 3066 sigillum

884 3115 1177 3182 nostrum
1196 3137 1535 3182 commune
1552 3115 1960 3202 presentibus
1976 3117 2282 3184 duximus
2303 3117 2778 3204 apponendum.
2847 3115 3098 3184 Datum
3118 3116 3191 3182 in
3209 3116 3400 3184 domo
3417 3119 3638 3182 nostra

885 3249 1225 3339 capitulari
1282 3251 1737 3320 mevnnm
1796 3258 1976 3322 sexto
2034 3255 2142 3322 die
2208 3255 2448 3322 mensis
2510 3254 2558 3323 J
2558 3255 2680 3322 ulii
2735 3276 2908 3322 anno
2975 3253 3229 3322 domini
3295 3253 3638 3320 millesimo

884 3387 1152 3456 ccco’mo
1194 3390 1614 3477 nonagesima
1654 3413 1845 3459 nono.

972 3523 1123 3593 Seal
1164 3549 1353 3614 gone.

991 3661 1178 3723 Bishop
1198 3663 1334 3710 John
1357 3663 1587 3726 Ingleby,
1608 3664 1773 3712 whose
1793 3664 1923 3712 lesse
1945 3667 1999 3712 of
2031 3665 2167 3714 Nash
2186 3667 2232 3713 is
2251 3667 2436 3714 recited
2457 3667 2554 3714 and
2585 3667 2852 3715 confirmed
2881 3665 2936 3714 in
2965 3666 3052 3714 the
3081 3667 3242 3714 above
3271 3665 3494 3725 Charter,
3523 3680 3627 3714 was

902 3733 1047 3781 Prior
1067 3735 1122 3781 of
1150 3735 1327 3791 Shene,
1348 3737 1446 3783 and
1465 3737 1736 3796 appointed
1757 3741 1812 3784 to
1833 3737 2067 3785 Llandsff
2095 3739 2191 3784 2nd
2213 3739 2514 3798 September,
2535 3740 2667 3787 1496.
2729 3739 2887 3788 Carne
2907 3739 2996 3786 hu
3015 3737 3268 3798 evidently
3291 3739 3478 3798 pushed
3499 3739 3578 3785 for
3595 3753 3628 3786 a

904 3805 1027 3866 long
1046 3811 1187 3867 term,
1208 3807 1261 3854 in
1284 3808 1368 3856 the
1388 3808 1517 3868 hope
1537 3809 1592 3855 of
1622 3809 1919 3870 conver-cing
1936 3809 2015 3856 his
2034 3809 2284 3858 leasehold
2302 3810 2412 3858 into
2430 3825 2462 3858 a
2483 3811 2717 3859 frechold.

2089 4032 2434 4101 OOOOVI.

882 4163 1211 4234 GRANT
1283 4165 1418 4234 BY
1488 4166 1536 4236 J
1536 4166 1887 4238 ANKYN
1970 4168 2398 4238 DAUKYN
2480 4168 2599 4237 ΤΟ
2683 4169 2992 4240 DAVID
3077 4169 3206 4238 ΑΡ
3291 4168 3644 4237 HERRY

962 4289 1170 4358 AND
1230 4291 1393 4360 HIS
1456 4291 1713 4362 WOEE
1771 4291 1893 4362 ΟΕ
1948 4293 2019 4362 A
2082 4293 2848 4363 HALF-BURGAGE
2905 4294 3020 4363 IN
3077 4292 3559 4364 SWANSEA.

2066 4429 2184 4521 [G.
2219 4431 2301 4501 G.
2333 4431 2452 4521 E]

2303 4559 2382 4623 11
2429 4557 2608 4626 Νον.
2705 4559 2788 4624 15
2832 4557 3046 4624 Hm:
3093 4554 3262 4626 VH.
3357 4557 3549 4625 1499.

968 4689 1194 4764 Sciant
1218 4685 1544 4781 presentes
1569 4697 1638 4761 et
1663 4693 1873 4760 futuri
1902 4695 2076 4780 quod
2104 4717 2227 4782 ego
2257 4695 2305 4762 J
2305 4716 2548 4762 Anum
2577 4695 2886 4764 Dsmnm
2915 4695 2998 4765 de
3035 4696 3460 4764 Swmmnssr
3485 4695 3639 4763 dedi

882 4829 1164 4898 concessi
1190 4835 1257 4898 et
1282 4831 1405 4898 hac
1431 4830 1713 4918 presenti
1742 4835 1917 4900 carta
1955 4854 2100 4899 mea
2142 4833 2517 4901 confirmavi
2559 4834 2798 4902 stm
2839 4857 2924 4923 ap
2967 4832 3231 4902 Hnnnr
3273 4838 3342 4902 et
3385 4831 3648 4902 &wm-
