4418 5888
3376 849 3466 917 27

797 1163 1080 1232 domino.
1169 1161 1502 1230 Noveritis
1539 1183 1658 1228 nos
1697 1160 2040 1228 tradidisse
2076 1159 2451 1228 concessisse
2484 1165 2552 1227 et
2589 1160 2711 1228 hoc
2746 1162 3031 1250 presenti
3068 1161 3303 1250 scripto
3330 1168 3551 1232 nostro

797 1299 1202 1369 confirmasse
1245 1297 1498 1366 Tuon
1538 1295 1865 1366 Wmmr
1907 1301 2122 1366 totum
2149 1297 2513 1366 manerium
2542 1303 2837 1366 nostrum
2875 1299 2959 1366 de
3001 1298 3555 1370 Mamur-Lmen
3583 1273 3589 1279 ⁵

798 1459 948 1506 cum
973 1437 1108 1506 suis
1143 1437 1556 1526 pertinenciis
1591 1437 1663 1504 in
1702 1435 2066 1504 redditibus
2101 1436 2397 1522 serviciis
2426 1437 2997 1505 consuetudinibus
3031 1438 3235 1526 pratis
3270 1441 3553 1528 pasturis

795 1575 1002 1644 boscis
1029 1580 1098 1642 et
1123 1575 1322 1644 vastis
1348 1575 1522 1642 dicto
1559 1574 1846 1640 manerio
1881 1572 2371 1661 pertinentibus.
2466 1573 2851 1642 Tenendum
2892 1575 3017 1642 sibi
3060 1575 3403 1644 heredibus
3442 1577 3551 1645 vel

797 1711 1242 1782 executoribus
1297 1712 1430 1780 suis
1487 1735 1529 1779 a
1585 1712 1752 1780 festo
1804 1711 2027 1779 Sancti
2084 1711 2481 1779 Mmmnms
2530 1734 2703 1814 anno
2750 1713 2941 1800 regni
2994 1711 3199 1801 Regis
3252 1712 3549 1782 R1cAnn1

795 1851 1062 1920 secundi
1115 1855 1264 1939 post
1321 1853 1745 1936 conquestum
1795 1853 2018 1916 octavo
2067 1871 2273 1936 usque
2324 1851 2411 1916 ad
2459 1849 2657 1916 finem
2714 1848 2979 1917 termini
3037 1856 3179 1918 octo
3229 1873 3551 1920 annorum

795 1989 1089 2077 proximo
1147 1988 1558 2074 sequentium
1612 1986 1901 2075 plenarie
1951 1987 2497 2074 complendorum.
2589 1986 2952 2056 Reddendo
3002 1988 3157 2056 inde
3208 1990 3550 2056 annuatim

793 2126 1116 2213 predictus
1159 2124 1450 2192 Tuom
1490 2124 1756 2193 heredes
1796 2126 1902 2193 vel
1944 2130 2315 2194 executores
2356 2126 2459 2192 sui
2498 2124 2685 2192 nobis
2726 2125 2995 2213 prefatis
3037 2123 3440 2194 Lxunnnclo
3482 2131 3550 2194 et

792 2261 1138 2330 Ermum
1179 2261 1524 2330 heredibus
1565 2263 1910 2352 assignatis
1938 2264 2040 2330 vel
2085 2263 2532 2331 executoribus
2564 2263 2801 2330 nostris
2839 2263 3178 2331 tresdecim
3204 2262 3405 2332 libras
3433 2287 3549 2332 sex

792 2401 1026 2468 solidos
1081 2405 1148 2470 et
1218 2405 1359 2468 octo
1424 2401 1721 2468 denarios
1791 2401 2036 2466 usualis
2108 2404 2368 2467 monete
2439 2400 2525 2466 ad
2597 2401 2761 2468 fests
2837 2400 3262 2470 Pentecosten
3336 2404 3544 2470 sancti

791 2537 1184 2606 umnam
1213 2543 1280 2605 et
1308 2537 1544 2604 natalis
1572 2504 1845 2605 'Domini
1872 2559 1988 2624 per
2015 2537 2277 2624 equum
2305 2537 2637 2624 porciones
2664 2539 2961 2606 videlioeae
2990 2538 3091 2628 iiij
3134 2539 3181 2606 1.
3214 2539 3326 2627 viij
3358 2539 3543 2606 nond.

791 2685 858 2744 et
889 2700 937 2744 x
965 2678 1028 2744 d.
1062 2675 1163 2744 cb.
1197 2676 1281 2743 ad
1327 2673 1682 2763 quemlibet
1724 2673 2148 2742 terminorum
2192 2673 2624 2762 predictorum
2669 2679 2736 2743 et
2778 2676 3103 2763 predictus
3145 2675 3433 2743 Tuom
3476 2681 3547 2744 et

791 2815 1056 2884 heredes
1102 2814 1204 2882 sui
1253 2813 1358 2880 vel
1401 2816 1768 2880 executores
1813 2813 2063 2880 solvent
2107 2813 2449 2880 annuatim
2504 2811 2761 2880 ballivis
2812 2814 3155 2881 comitatus
3221 2813 3545 2882 Gumoa-

791 2976 1006 3021 cmm
1050 2976 1168 3042 pro
1199 2953 1487 3023 wardam
1525 2952 1716 3021 castri
1754 2953 1837 3021 de
1881 2952 2206 3021 KARmrr
2251 2974 2368 3042 pro
2407 2952 2580 3019 dicto
2622 2952 2911 3020 manerio
2955 2958 3198 3042 septem
3244 2954 3435 3021 solidi
3460 2952 3547 3022 'et

788 3092 950 3159 duos
998 3092 1312 3160 denarios.
1403 3091 1579 3161 Item
1627 3092 1881 3159 solvent
1928 3090 2188 3158 ballivis
2238 3090 2319 3157 de
2375 3089 2881 3157 Lmnu‘rmzm
2938 3092 3100 3158 duos
3150 3092 3386 3159 solidos
3435 3091 3544 3158 vel

789 3250 998 3296 unum
1025 3230 1464 3317 esperumium
1503 3235 1570 3297 et
1597 3228 1756 3296 dicti
1782 3226 2231 3295 himmas
2273 3231 2340 3295 et
2383 3225 2731 3293 ELIzAnn'r
2773 3227 3021 3294 dictum
3062 3227 3425 3295 manerium
3468 3225 3541 3294 in

789 3370 1164 3455 coopertura
1219 3366 1614 3455 reparabunt
1669 3370 1738 3432 et
1785 3370 2128 3454 postquam
2189 3364 2273 3431 sit
2332 3369 2768 3453 competenter
2816 3372 3185 3453 reparatum
3239 3365 3545 3453 predictis

789 3503 1076 3571 'Paomis
1147 3508 1213 3571 et
1269 3500 1536 3571 heredes
1593 3504 1696 3571 vel
1753 3502 1856 3571 sui
1913 3506 2283 3569 executores
2340 3502 2589 3569 dictum
2646 3504 3007 3570 manerium
3065 3502 3541 3571 mantenebunt

788 3640 1244 3709 sustentabunt
1283 3646 1350 3709 et
1387 3642 1459 3708 in
1499 3642 1660 3709 adeo
1697 3638 1867 3708 bono
1912 3643 2090 3707 statu
2128 3660 2245 3705 seu
2270 3638 2522 3706 meliori
2566 3640 2649 3706 de
2692 3638 3057 3727 sumptibus
3096 3640 3230 3707 suis
3267 3638 3543 3727 propriis

786 3783 851 3846 et
891 3778 1202 3867 expensis.
1295 3778 1390 3845 Et
1437 3778 1492 3845 si
1537 3778 1874 3867 contingat
1901 3778 2078 3866 quod
2121 3777 2448 3865 predictus
2487 3777 2781 3845 redditus
2808 3777 3047 3865 viginti
3090 3798 3453 3844 marcarum
3495 3798 3539 3843 a

784 3922 955 3984 retro
985 3938 1118 3983 esse
1160 3916 1234 3983 in
1274 3920 1462 4005 parte
1498 3916 1604 3983 vel
1647 3917 1716 3983 in
1762 3918 1904 3983 toto
1943 3938 2061 4003 per
2103 3936 2305 3981 unam
2349 3936 2635 3981 mensem
2679 3920 2823 4002 post
2862 3915 3145 4003 aliquem
3186 3915 3540 3982 terminum

784 4056 1186 4144 assignatum
1207 4056 1314 4122 vel
1341 4056 1588 4123 dictum
1608 4054 1973 4123 manerium
2001 4056 2186 4121 extra
2205 4074 2441 4121 manus
2468 4074 2617 4120 suas
2643 4050 2933 4140 proprias
2954 4051 3149 4119 alicui
3179 4052 3540 4119 &ederetur

783 4194 957 4281 quod
982 4196 1142 4261 tunc
1168 4192 1332 4260 bene
1357 4194 1548 4260 liceat
1575 4191 1763 4260 nobis
1791 4190 2095 4279 predictis
2123 4188 2531 4257 LAURuucIO
2560 4194 2626 4256 et
2655 4190 3001 4256 EmzABm?
3042 4187 3386 4256 heredibus
3430 4189 3537 4255 vel

785 4330 1127 4418 assignatis
1153 4332 1390 4399 nostris
1415 4330 1489 4398 in
1528 4330 1814 4418 predicto
1841 4327 2130 4396 manerio
2160 4350 2310 4395 cum
2338 4325 2640 4395 omnibus
2667 4326 2800 4393 suis
2843 4326 3256 4414 pertinenciis
3293 4326 3538 4393 intrare

781 4474 848 4534 et
874 4468 1150 4535 retinere
1177 4468 1654 4558 imperpetuum
1683 4467 1822 4535 sine
1851 4467 2072 4554 aliqua
2098 4464 2603 4533 contradictione
2632 4487 2873 4532 eorum.
2967 4462 3061 4530 Et
3102 4486 3222 4530 nos
3264 4464 3537 4551 predicti

787 4602 1227 4674 memcms
1285 4610 1351 4675 et
1407 4605 1756 4673 Emzfflu'r
1819 4626 1986 4671 uxor
2054 4626 2201 4671 mea
2256 4606 2470 4671 totum
2539 4602 2901 4691 predictum
2959 4601 3321 4667 manerium
3384 4622 3535 4667 cum

791 4741 1084 4810 omnibus
1118 4743 1250 4811 suis
1290 4742 1704 4833 pertinenciis
1745 4744 2021 4811 durante
2063 4741 2343 4811 termino
2385 4741 2673 4831 predicto
2715 4739 2967 4828 prefato
3011 4737 3265 4806 Tucim
3308 4740 3534 4805 contra
