4418 5888
996 856 1124 926 126

2075 1172 2505 1245 oocxm.

1021 1325 1354 1399 GRANT
1423 1326 1560 1400 BY
1629 1326 1787 1401 8113
1857 1332 2287 1401 EDWARD
2361 1328 2913 1401 STRADLING
2982 1330 3104 1401 To
3178 1330 3550 1417 EENBY,

1737 1468 2239 1540 CARDINAL
2296 1466 2837 1538 BEAUFORT.

2091 1618 2208 1710 [G.
2244 1618 2326 1689 G.
2364 1618 2485 1709 E]

2388 1769 2425 1838 1
2472 1768 2723 1837 Anu..
2816 1768 2862 1837 ⁷
2902 1766 3116 1838 Hmt:
3162 1767 3291 1838 VI.
3386 1770 3577 1837 1429.

993 1918 1316 1987 Omnibus
1345 1918 1588 1988 Christi
1625 1919 1925 1989 fidelibus
1952 1922 2038 1988 ad
2068 1942 2231 2008 quos
2272 1923 2599 2009 presentes
2640 1919 2827 1988 litere
2868 1920 3209 1988 indentate
3250 1914 3664 2009 pervenerint

905 2054 1304 2124 Enwannus
1346 2055 1804 2125 &unumne
1848 2058 2036 2125 miles
2079 2058 2359 2125 salutem
2400 2057 2473 2124 in
2516 2057 2799 2125 domino.
2888 2056 3225 2126 Noveritis
3266 2081 3373 2127 me
3414 2058 3665 2127 dedisse

752 2166 770 2175 ’
905 2194 1282 2262 concessisse
1333 2198 1400 2261 et
1448 2216 1568 2283 per
1614 2198 1943 2282 presentes
1993 2194 2401 2263 confirmasse
2450 2193 2778 2262 Hssmuco
2832 2194 3215 2263 Bmuronn
3264 2194 3396 2264 Dei
3444 2195 3661 2285 gratia

904 2330 1238 2401 cardinali
1265 2330 1512 2420 Anglie
1544 2354 1672 2422 que
1698 2330 2168 2421 Wynmniensi
2195 2332 2493 2421 episcopo
2537 2330 2889 2399 Monunio
2919 2356 3002 2421 ap
3028 2331 3080 2401 J
3080 2354 3324 2401 mm
3353 2332 3661 2401 Kame

904 2474 974 2539 et
1018 2469 1274 2538 Tuom
1325 2470 1622 2537 mem
1667 2470 2036 2537 manerium
2082 2491 2303 2538 meum
2353 2470 2437 2537 de
2487 2468 2778 2537 Lanrsr
2828 2492 2978 2537 cum
3022 2469 3436 2559 pertinentiis
3484 2470 3663 2539 inira

905 2608 1268 2676 dominium
1319 2608 1402 2675 de
1450 2608 1746 2675 Oeneus
1793 2611 2073 2695 quatuor
2121 2611 2451 2675 carucatas
2492 2611 2665 2675 terre
2713 2606 2957 2696 viginti
3012 2606 3301 2694 quinque
3360 2628 3539 2675 acras
3594 2610 3665 2675 et

905 2706 1248 2813 dimidieun
1275 2746 1448 2833 prati
1476 2750 1739 2813 centum
1767 2766 1946 2813 acras
1977 2750 2148 2812 terre
2185 2743 2449 2812 arabilis
2490 2748 2623 2811 tres
2665 2766 2843 2812 acras
2884 2742 3059 2811 bosci
3100 2744 3344 2833 viginta·
3388 2750 3667 2835 quatuor

905 2904 1084 2952 acras
1138 2888 1400 2974 pasture
1455 2883 1800 2973 sexaginte
1857 2904 2036 2951 aeras
2087 2882 2254 2950 vasti
2303 2886 2371 2949 et
2422 2882 2769 2970 sexaginta
2817 2882 3056 2950 solidos
3098 2884 3303 2951 annui
3348 2882 3660 2952 redditus.

905 3019 1312 3090 Habendum
1339 3024 1408 3088 et
1432 3022 1793 3090 tenendum
1817 3019 2038 3093 omnia
2057 3020 2349 3109 predicta
2374 3020 2738 3088 manerium
2766 3043 2917 3088 cum
2941 3020 3354 3109 pertinentiis
3386 3023 3667 3108 quatuor

905 3163 1234 3226 carucatas
1261 3162 1432 3226 terre
1459 3157 1702 3246 viginti
1735 3157 2024 3246 quinque
2067 3179 2246 3225 acras
2272 3161 2341 3224 et
2368 3157 2711 3225 dimidiam
2752 3157 2926 3246 prafi
2967 3161 3232 3226 centum
3274 3179 3453 3226 acras
3492 3161 3666 3228 tom

907 3295 1170 3364 arabilis
1195 3300 1330 3362 tres
1355 3317 1536 3362 acras
1559 3293 1736 3363 bosci
1763 3294 2004 3384 viginti
2043 3299 2324 3382 quatuor
2364 3317 2544 3363 acras
2582 3299 2847 3383 pastui-e
2888 3297 3233 3384 sexaginta
3273 3320 3455 3366 acras
3496 3297 3666 3367 vasti

908 3439 978 3502 et
1003 3435 1348 3521 sexaginta
1373 3432 1610 3500 solidos
1637 3432 1842 3500 annui
1878 3433 2172 3500 redditus
2214 3431 2486 3522 prefatis
2528 3432 2865 3501 Gardinali
2905 3433 3257 3503 Monesno
3300 3439 3369 3504 et
3411 3433 3669 3504 Tuon

788 3551 796 3556 ’
907 3571 1253 3640 haedibus
1280 3575 1349 3639 et
1375 3569 1720 3658 assignatis
1757 3569 1890 3638 suis
1921 3569 2404 3659 imperpetuum
2446 3571 2529 3638 ‹10
2572 3571 2956 3659 capitalibus
2999 3571 3281 3640 dominis
3323 3571 3667 3642 feodorum

907 3709 1172 3779 illorum
1197 3732 1316 3797 per
1339 3708 1634 3776 redditus
1661 3711 1728 3777 et
1755 3708 2024 3776 servicia
2049 3708 2204 3775 inde
2233 3708 2456 3775 debita
2496 3711 2565 3776 et
2606 3715 2929 3778 consueta.
3020 3709 3118 3778 Et
3158 3733 3282 3800 ego
3324 3731 3477 3779 verc
3521 3731 3667 3800 pre-

907 3847 1122 3916 dictus
1149 3845 1548 3914 Enwnnus
1575 3850 1643 3914 et
1668 3845 1938 3913 heredes
1964 3844 2096 3914 mei
2123 3845 2345 3913 omnia
2370 3845 2662 3934 predicta
2687 3847 3052 3915 manerium
3079 3869 3231 3915 cum
3256 3846 3671 3936 pertinentiis

907 3991 1187 4077 quatuor
1203 3991 1532 4054 carucatas
1549 3990 1720 4054 terre
1739 3985 1983 4074 viginti
2009 3985 2299 4073 quinque
2326 4007 2505 4054 acras
2532 3989 2601 4053 et
2620 3985 2961 4053 dimidiam
2990 3984 3163 4073 prati
3190 3989 3461 4052 centum
3482 4005 3666 4052 acras

904 4122 1930 4196 terreambilistresacrssbcsci
1963 4122 2206 4212 viginti
2248 4127 2527 4211 quatuor
2567 4145 2746 4192 acras
2785 4126 3050 4210 pastui-e
3090 4122 3437 4211 sexaginta
3480 4141 3661 4190 εισι-ω

907 4263 1080 4332 vasti
1105 4267 1174 4331 et
1201 4262 1544 4351 sexaginta
1569 4262 1808 4330 solidos
1833 4260 2040 4329 annui
2066 4261 2361 4329 redditus
2386 4266 2465 4329 ut
2492 4261 2857 4350 predictum
2900 4263 2999 4328 est
3031 4257 3310 4348 preiafis
3338 4257 3674 4328 Oardinali

909 4399 1262 4470 Uomano
1286 4403 1355 4468 et
1381 4399 1637 4468 Tuon
1665 4396 2009 4466 heredibus
2037 4401 2106 4465 et
2125 4398 2473 4486 assignatis
2498 4397 2632 4464 suis
2658 4399 2885 4466 contra
2912 4418 3134 4464 omnes
3160 4399 3393 4485 gentes
3422 4417 3673 4464 waran-

910 4538 1253 4610 tizabimus
1301 4534 1808 4626 acquietabimus
1862 4537 1932 4603 et
1986 4534 2465 4624 imperpetuum
2508 4533 2934 4604 defendemus
2981 4555 3100 4622 per
3140 4537 3489 4622 presentes.
3580 4529 3671 4600 In

912 4676 1103 4768 cujus
1143 4677 1239 4745 rei
1281 4675 1728 4745 testimonium
1769 4673 1923 4741 huic
1963 4671 2249 4762 presenti
2290 4677 2464 4741 cute
2512 4693 2657 4741 mee
2713 4672 3053 4741 indentate
3112 4669 3406 4761 sigillum
3449 4691 3673 4740 meum

911 4816 1202 4906 apposui.
1292 4812 1452 4882 Hiis
1476 4811 1751 4882 testibus
1789 4809 1838 4880 J
1837 4831 2123 4880 omium
2167 4809 2398 4878 Sam
2438 4809 2487 4878 J
2488 4831 2633 4879 omi
2674 4809 2887 4879 milite
2972 4807 3234 4878 Tuon
3276 4807 3673 4878 Murram·
