<?xml version="1.0" encoding="UTF-8"?>
<!DOCTYPE html PUBLIC "-//W3C//DTD XHTML 1.0 Transitional//EN"
    "http://www.w3.org/TR/xhtml1/DTD/xhtml1-transitional.dtd">
<html xmlns="http://www.w3.org/1999/xhtml" xml:lang="en" lang="en">
 <head>
  <title>
</title>
<meta http-equiv="Content-Type" content="text/html;charset=utf-8" />
  <meta name='ocr-system' content='tesseract 3.04.00' />
  <meta name='ocr-capabilities' content='ocr_page ocr_carea ocr_par ocr_line ocrx_word'/>
</head>
<body>
  <div class='ocr_page' id='page_1' title='image "./cartetaliamunim00diogoog_0071.png"; bbox 0 0 4418 5888; ppageno 0'>
   <div class='ocr_carea' id='block_1_1' title="bbox 3372 879 3462 948">
    <p class='ocr_par' dir='ltr' id='par_1_1' title="bbox 3372 879 3462 948">
     <span class='ocr_line' id='line_1_1' title="bbox 3372 879 3462 948; baseline -0.022 0"><span class='ocrx_word' id='word_1_1' title='bbox 3372 879 3462 948; x_wconf 83' lang='lat'><strong>47</strong></span> 
     </span>
    </p>
   </div>
   <div class='ocr_carea' id='block_1_2' title="bbox 789 1191 3553 2818">
    <p class='ocr_par' dir='ltr' id='par_1_2' title="bbox 789 1191 3549 1424">
     <span class='ocr_line' id='line_1_2' title="bbox 789 1191 3549 1285; baseline -0.001 -21"><span class='ocrx_word' id='word_1_2' title='bbox 789 1219 1020 1264; x_wconf 81' lang='lat' dir='ltr'><strong>eorum</strong></span> <span class='ocrx_word' id='word_1_3' title='bbox 1040 1195 1464 1285; x_wconf 75' lang='lat' dir='ltr'><strong>tangentibus</strong></span> <span class='ocrx_word' id='word_1_4' title='bbox 1483 1195 1660 1262; x_wconf 90' lang='lat' dir='ltr'><strong>unde</strong></span> <span class='ocrx_word' id='word_1_5' title='bbox 1687 1193 2024 1280; x_wconf 84' lang='lat' dir='ltr'><strong>inquisicio</strong></span> <span class='ocrx_word' id='word_1_6' title='bbox 2054 1193 2198 1280; x_wconf 86' lang='lat' dir='ltr'><strong>capi</strong></span> <span class='ocrx_word' id='word_1_7' title='bbox 2226 1191 2460 1261; x_wconf 85' lang='lat' dir='ltr'><strong>debeat</strong></span> <span class='ocrx_word' id='word_1_8' title='bbox 2490 1193 2665 1280; x_wconf 90' lang='lat' dir='ltr'><strong>quod</strong></span> <span class='ocrx_word' id='word_1_9' title='bbox 2694 1193 2813 1260; x_wconf 85' lang='lat' dir='ltr'><strong>illa</strong></span> <span class='ocrx_word' id='word_1_10' title='bbox 2840 1193 3180 1282; x_wconf 85' lang='lat' dir='ltr'><strong>inquisioio</strong></span> <span class='ocrx_word' id='word_1_11' title='bbox 3209 1193 3296 1261; x_wconf 85' lang='lat' dir='ltr'><strong>sit</strong></span> <span class='ocrx_word' id='word_1_12' title='bbox 3324 1192 3549 1260; x_wconf 88' lang='lat' dir='ltr'><strong>termi-</strong></span> 
     </span>
     <span class='ocr_line' id='line_1_3' title="bbox 795 1329 2609 1424; baseline -0.002 -23"><span class='ocrx_word' id='word_1_13' title='bbox 795 1339 953 1402; x_wconf 83' lang='lat' dir='ltr'><strong>nata</strong></span> <span class='ocrx_word' id='word_1_14' title='bbox 975 1356 1094 1423; x_wconf 84' lang='lat' dir='ltr'><strong>per</strong></span> <span class='ocrx_word' id='word_1_15' title='bbox 1121 1333 1497 1400; x_wconf 87' lang='lat' dir='ltr'><strong>intrinsecos</strong></span> <span class='ocrx_word' id='word_1_16' title='bbox 1526 1331 1587 1419; x_wconf 82' lang='lat' dir='ltr'><strong>ej</strong></span> <span class='ocrx_word' id='word_1_17' title='bbox 1593 1332 1821 1398; x_wconf 88' lang='lat' dir='ltr'><strong>usdem</strong></span> <span class='ocrx_word' id='word_1_18' title='bbox 1847 1329 2002 1424; x_wconf 65' lang='grc' dir='ltr'><strong>γῑΠΘ</strong></span> <span class='ocrx_word' id='word_1_19' title='bbox 2031 1333 2098 1397; x_wconf 90' lang='lat' dir='ltr'><strong>et</strong></span> <span class='ocrx_word' id='word_1_20' title='bbox 2123 1351 2259 1396; x_wconf 90' lang='lat' dir='ltr'><strong>non</strong></span> <span class='ocrx_word' id='word_1_21' title='bbox 2286 1353 2403 1417; x_wconf 88' lang='lat' dir='ltr'><strong>per</strong></span> <span class='ocrx_word' id='word_1_22' title='bbox 2432 1329 2609 1397; x_wconf 83' lang='lat' dir='ltr'><strong>alios.</strong></span> 
     </span>
    </p>

    <p class='ocr_par' dir='ltr' id='par_1_3' title="bbox 792 1478 3553 2393">
     <span class='ocr_line' id='line_1_4' title="bbox 885 1478 3550 1584; baseline -0.002 -33"><span class='ocrx_word' id='word_1_23' title='bbox 885 1482 1330 1552; x_wconf 74' lang='lat' dir='ltr'><strong>concessimus</strong></span> <span class='ocrx_word' id='word_1_24' title='bbox 1355 1482 1621 1571; x_wconf 87' lang='lat' dir='ltr'><strong>insuper</strong></span> <span class='ocrx_word' id='word_1_25' title='bbox 1649 1481 1891 1571; x_wconf 85' lang='lat' dir='ltr'><strong>eisdem</strong></span> <span class='ocrx_word' id='word_1_26' title='bbox 1918 1478 2349 1569; x_wconf 80' lang='lat' dir='ltr'><strong>burgensibus</strong></span> <span class='ocrx_word' id='word_1_27' title='bbox 2374 1479 2611 1546; x_wconf 85' lang='lat' dir='ltr'><strong>nostris</strong></span> <span class='ocrx_word' id='word_1_28' title='bbox 2654 1480 2830 1584; x_wconf 88' lang='lat' dir='ltr'><strong>quod</strong></span> <span class='ocrx_word' id='word_1_29' title='bbox 2858 1481 2985 1568; x_wconf 84' lang='lat' dir='ltr'><strong>ipsi</strong></span> <span class='ocrx_word' id='word_1_30' title='bbox 3011 1503 3133 1546; x_wconf 88' lang='lat' dir='ltr'><strong>nec</strong></span> <span class='ocrx_word' id='word_1_31' title='bbox 3159 1479 3423 1547; x_wconf 83' lang='lat' dir='ltr'><strong>heredes</strong></span> <span class='ocrx_word' id='word_1_32' title='bbox 3446 1481 3550 1548; x_wconf 87' lang='lat' dir='ltr'><strong>sui</strong></span> 
     </span>
     <span class='ocr_line' id='line_1_5' title="bbox 792 1617 3553 1709; baseline -0 -20"><span class='ocrx_word' id='word_1_33' title='bbox 792 1643 934 1690; x_wconf 82' lang='lat' dir='ltr'><strong>esse</strong></span> <span class='ocrx_word' id='word_1_34' title='bbox 960 1643 1098 1688; x_wconf 92' lang='lat' dir='ltr'><strong>non</strong></span> <span class='ocrx_word' id='word_1_35' title='bbox 1125 1619 1403 1688; x_wconf 85' lang='lat' dir='ltr'><strong>debeant</strong></span> <span class='ocrx_word' id='word_1_36' title='bbox 1431 1623 1788 1709; x_wconf 80' lang='lat' dir='ltr'><strong>receptores</strong></span> <span class='ocrx_word' id='word_1_37' title='bbox 1815 1617 2229 1685; x_wconf 85' lang='lat' dir='ltr'><strong>denariorum</strong></span> <span class='ocrx_word' id='word_1_38' title='bbox 2254 1621 2622 1684; x_wconf 86' lang='lat' dir='ltr'><strong>nostrorum</strong></span> <span class='ocrx_word' id='word_1_39' title='bbox 2663 1617 2793 1684; x_wconf 87' lang='lat' dir='ltr'><strong>nisi</strong></span> <span class='ocrx_word' id='word_1_40' title='bbox 2832 1622 3097 1686; x_wconf 85' lang='lat' dir='ltr'><strong>tantum</strong></span> <span class='ocrx_word' id='word_1_41' title='bbox 3139 1620 3221 1686; x_wconf 90' lang='lat' dir='ltr'><strong>de</strong></span> <span class='ocrx_word' id='word_1_42' title='bbox 3264 1618 3553 1688; x_wconf 82' lang='lat' dir='ltr'><strong>denariis</strong></span> 
     </span>
     <span class='ocr_line' id='line_1_6' title="bbox 795 1755 3548 1844; baseline -0 -19"><span class='ocrx_word' id='word_1_43' title='bbox 795 1755 1184 1826; x_wconf 81' lang='lat' dir='ltr'><strong>exeuntibus</strong></span> <span class='ocrx_word' id='word_1_44' title='bbox 1256 1757 1338 1823; x_wconf 89' lang='lat' dir='ltr'><strong>de</strong></span> <span class='ocrx_word' id='word_1_45' title='bbox 1409 1755 1676 1824; x_wconf 82' lang='lat' dir='ltr'><strong>ballivia</strong></span> <span class='ocrx_word' id='word_1_46' title='bbox 1746 1755 2108 1844; x_wconf 85' lang='lat' dir='ltr'><strong>prepositus</strong></span> <span class='ocrx_word' id='word_1_47' title='bbox 2179 1755 2335 1824; x_wconf 81' lang='lat' dir='ltr'><strong>ville</strong></span> <span class='ocrx_word' id='word_1_48' title='bbox 2405 1758 2623 1822; x_wconf 84' lang='lat' dir='ltr'><strong>nostre</strong></span> <span class='ocrx_word' id='word_1_49' title='bbox 2694 1755 2981 1843; x_wconf 85' lang='lat' dir='ltr'><strong>predicte</strong></span> <span class='ocrx_word' id='word_1_50' title='bbox 3054 1779 3173 1824; x_wconf 92' lang='lat' dir='ltr'><strong>nec</strong></span> <span class='ocrx_word' id='word_1_51' title='bbox 3240 1755 3548 1844; x_wconf 76' lang='lat' dir='ltr'><strong>distringi</strong></span> 
     </span>
     <span class='ocr_line' id='line_1_7' title="bbox 801 1893 3545 1964; baseline -0 -2"><span class='ocrx_word' id='word_1_52' title='bbox 801 1895 1080 1964; x_wconf 85' lang='lat' dir='ltr'><strong>debeant</strong></span> <span class='ocrx_word' id='word_1_53' title='bbox 1105 1896 1192 1962; x_wconf 86' lang='lat' dir='ltr'><strong>ad</strong></span> <span class='ocrx_word' id='word_1_54' title='bbox 1217 1893 1415 1962; x_wconf 86' lang='lat' dir='ltr'><strong>blada</strong></span> <span class='ocrx_word' id='word_1_55' title='bbox 1442 1916 1664 1960; x_wconf 83' lang='lat' dir='ltr'><strong>carnes</strong></span> <span class='ocrx_word' id='word_1_56' title='bbox 1691 1894 1848 1962; x_wconf 80' lang='lat' dir='ltr'><strong>vina</strong></span> <span class='ocrx_word' id='word_1_57' title='bbox 1874 1917 1992 1960; x_wconf 89' lang='lat' dir='ltr'><strong>seu</strong></span> <span class='ocrx_word' id='word_1_58' title='bbox 2017 1893 2149 1960; x_wconf 90' lang='lat' dir='ltr'><strong>alia</strong></span> <span class='ocrx_word' id='word_1_59' title='bbox 2175 1893 2485 1960; x_wconf 81' lang='lat' dir='ltr'><strong>victualia</strong></span> <span class='ocrx_word' id='word_1_60' title='bbox 2520 1898 2741 1960; x_wconf 78' lang='lat' dir='ltr'><strong>nostra</strong></span> <span class='ocrx_word' id='word_1_61' title='bbox 2782 1898 3007 1960; x_wconf 88' lang='lat' dir='ltr'><strong>contra</strong></span> <span class='ocrx_word' id='word_1_62' title='bbox 3050 1915 3273 1960; x_wconf 88' lang='lat' dir='ltr'><strong>eorum</strong></span> <span class='ocrx_word' id='word_1_63' title='bbox 3315 1893 3545 1962; x_wconf 78' lang='lat' dir='ltr'><strong>volun·</strong></span> 
     </span>
     <span class='ocr_line' id='line_1_8' title="bbox 796 2029 3547 2118; baseline 0 -20"><span class='ocrx_word' id='word_1_64' title='bbox 796 2036 1001 2099; x_wconf 86' lang='lat' dir='ltr'><strong>tatem</strong></span> <span class='ocrx_word' id='word_1_65' title='bbox 1029 2033 1376 2098; x_wconf 90' lang='lat' dir='ltr'><strong>emendum</strong></span> <span class='ocrx_word' id='word_1_66' title='bbox 1404 2031 1518 2098; x_wconf 88' lang='lat' dir='ltr'><strong>sed</strong></span> <span class='ocrx_word' id='word_1_67' title='bbox 1547 2031 1722 2117; x_wconf 90' lang='lat' dir='ltr'><strong>quod</strong></span> <span class='ocrx_word' id='word_1_68' title='bbox 1753 2029 1939 2099; x_wconf 87' lang='lat' dir='ltr'><strong>liberi</strong></span> <span class='ocrx_word' id='word_1_69' title='bbox 1968 2029 2100 2096; x_wconf 86' lang='lat' dir='ltr'><strong>sint</strong></span> <span class='ocrx_word' id='word_1_70' title='bbox 2121 2052 2240 2118; x_wconf 90' lang='lat' dir='ltr'><strong>per</strong></span> <span class='ocrx_word' id='word_1_71' title='bbox 2264 2029 2596 2098; x_wconf 75' lang='lat' dir='ltr'><strong>libertates</strong></span> <span class='ocrx_word' id='word_1_72' title='bbox 2616 2053 2839 2097; x_wconf 87' lang='lat' dir='ltr'><strong>eorum</strong></span> <span class='ocrx_word' id='word_1_73' title='bbox 2870 2031 3145 2098; x_wconf 86' lang='lat' dir='ltr'><strong>vendere</strong></span> <span class='ocrx_word' id='word_1_74' title='bbox 3173 2032 3393 2098; x_wconf 85' lang='lat' dir='ltr'><strong>omnia</strong></span> <span class='ocrx_word' id='word_1_75' title='bbox 3419 2053 3547 2118; x_wconf 90' lang='lat' dir='ltr'><strong>que</strong></span> 
     </span>
     <span class='ocr_line' id='line_1_9' title="bbox 797 2165 3549 2257; baseline -0.001 -19"><span class='ocrx_word' id='word_1_76' title='bbox 797 2168 1040 2238; x_wconf 85' lang='lat' dir='ltr'><strong>habent</strong></span> <span class='ocrx_word' id='word_1_77' title='bbox 1095 2168 1438 2236; x_wconf 82' lang='lat' dir='ltr'><strong>vendenda</strong></span> <span class='ocrx_word' id='word_1_78' title='bbox 1493 2168 1852 2254; x_wconf 74' lang='lat' dir='ltr'><strong>cuicunque</strong></span> <span class='ocrx_word' id='word_1_79' title='bbox 1911 2170 1980 2234; x_wconf 89' lang='lat' dir='ltr'><strong>et</strong></span> <span class='ocrx_word' id='word_1_80' title='bbox 2037 2165 2527 2255; x_wconf 74' lang='lat' dir='ltr'><strong>quibuscunque</strong></span> <span class='ocrx_word' id='word_1_81' title='bbox 2577 2173 2644 2234; x_wconf 91' lang='lat' dir='ltr'><strong>et</strong></span> <span class='ocrx_word' id='word_1_82' title='bbox 2694 2190 2823 2256; x_wconf 88' lang='lat' dir='ltr'><strong>quo</strong></span> <span class='ocrx_word' id='word_1_83' title='bbox 2882 2172 3172 2257; x_wconf 87' lang='lat' dir='ltr'><strong>tempore</strong></span> <span class='ocrx_word' id='word_1_84' title='bbox 3224 2168 3549 2236; x_wconf 86' lang='lat' dir='ltr'><strong>voluerint</strong></span> 
     </span>
     <span class='ocr_line' id='line_1_10' title="bbox 801 2305 1856 2393; baseline -0.001 -21"><span class='ocrx_word' id='word_1_85' title='bbox 801 2306 1038 2393; x_wconf 90' lang='lat' dir='ltr'><strong>absque</strong></span> <span class='ocrx_word' id='word_1_86' title='bbox 1096 2306 1314 2393; x_wconf 84' lang='lat' dir='ltr'><strong>aliquo</strong></span> <span class='ocrx_word' id='word_1_87' title='bbox 1370 2305 1856 2392; x_wconf 89' lang='lat' dir='ltr'><strong>impedimento.</strong></span> 
     </span>
    </p>

    <p class='ocr_par' dir='ltr' id='par_1_4' title="bbox 799 2453 3551 2818">
     <span class='ocr_line' id='line_1_11' title="bbox 887 2453 3551 2543; baseline -0 -21"><span class='ocrx_word' id='word_1_88' title='bbox 887 2457 1191 2523; x_wconf 84' lang='lat' dir='ltr'><strong>Preterea</strong></span> <span class='ocrx_word' id='word_1_89' title='bbox 1219 2456 1640 2523; x_wconf 76' lang='lat' dir='ltr'><strong>concessimus</strong></span> <span class='ocrx_word' id='word_1_90' title='bbox 1669 2455 1935 2542; x_wconf 81' lang='lat' dir='ltr'><strong>prefatis</strong></span> <span class='ocrx_word' id='word_1_91' title='bbox 1961 2453 2393 2542; x_wconf 85' lang='lat' dir='ltr'><strong>burgensibus</strong></span> <span class='ocrx_word' id='word_1_92' title='bbox 2425 2455 2631 2521; x_wconf 87' lang='lat' dir='ltr'><strong>nostri</strong></span> <span class='ocrx_word' id='word_1_93' title='bbox 2671 2456 2844 2542; x_wconf 88' lang='lat' dir='ltr'><strong>quod</strong></span> <span class='ocrx_word' id='word_1_94' title='bbox 2883 2456 3009 2543; x_wconf 88' lang='lat' dir='ltr'><strong>ipsi</strong></span> <span class='ocrx_word' id='word_1_95' title='bbox 3044 2461 3110 2522; x_wconf 91' lang='lat' dir='ltr'><strong>et</strong></span> <span class='ocrx_word' id='word_1_96' title='bbox 3145 2454 3411 2522; x_wconf 87' lang='lat' dir='ltr'><strong>heredes</strong></span> <span class='ocrx_word' id='word_1_97' title='bbox 3448 2456 3551 2522; x_wconf 88' lang='lat' dir='ltr'><strong>sui</strong></span> 
     </span>
     <span class='ocr_line' id='line_1_12' title="bbox 799 2590 3549 2681; baseline -0.001 -21"><span class='ocrx_word' id='word_1_98' title='bbox 799 2593 998 2660; x_wconf 81' lang='lat' dir='ltr'><strong>libere</strong></span> <span class='ocrx_word' id='word_1_99' title='bbox 1063 2595 1280 2681; x_wconf 89' lang='lat' dir='ltr'><strong>legare</strong></span> <span class='ocrx_word' id='word_1_100' title='bbox 1339 2600 1600 2680; x_wconf 87' lang='lat' dir='ltr'><strong>possent</strong></span> <span class='ocrx_word' id='word_1_101' title='bbox 1659 2592 1879 2659; x_wconf 85' lang='lat' dir='ltr'><strong>omnia</strong></span> <span class='ocrx_word' id='word_1_102' title='bbox 1934 2590 2261 2680; x_wconf 84' lang='lat' dir='ltr'><strong>burgagia</strong></span> <span class='ocrx_word' id='word_1_103' title='bbox 2318 2603 2443 2658; x_wconf 78' lang='lat' dir='ltr'><strong>sua&#39;</strong></span> <span class='ocrx_word' id='word_1_104' title='bbox 2490 2615 2608 2680; x_wconf 79' lang='lat' dir='ltr'><strong>per</strong></span> <span class='ocrx_word' id='word_1_105' title='bbox 2663 2593 2836 2680; x_wconf 87' lang='lat' dir='ltr'><strong>ipsos</strong></span> <span class='ocrx_word' id='word_1_106' title='bbox 2892 2592 3217 2678; x_wconf 86' lang='lat' dir='ltr'><strong>adquisita</strong></span> <span class='ocrx_word' id='word_1_107' title='bbox 3270 2595 3411 2659; x_wconf 86' lang='lat' dir='ltr'><strong>tam</strong></span> <span class='ocrx_word' id='word_1_108' title='bbox 3466 2591 3549 2658; x_wconf 89' lang='lat' dir='ltr'><strong>de</strong></span> 
     </span>
     <span class='ocr_line' id='line_1_13' title="bbox 801 2729 3549 2818; baseline -0 -20"><span class='ocrx_word' id='word_1_109' title='bbox 801 2732 1186 2798; x_wconf 84' lang='lat' dir='ltr'><strong>tenementis</strong></span> <span class='ocrx_word' id='word_1_110' title='bbox 1234 2753 1431 2818; x_wconf 86' lang='lat' dir='ltr'><strong>quam</strong></span> <span class='ocrx_word' id='word_1_111' title='bbox 1481 2732 1564 2797; x_wconf 91' lang='lat' dir='ltr'><strong>de</strong></span> <span class='ocrx_word' id='word_1_112' title='bbox 1615 2730 1976 2798; x_wconf 85' lang='lat' dir='ltr'><strong>redditibus</strong></span> <span class='ocrx_word' id='word_1_113' title='bbox 2027 2731 2386 2817; x_wconf 83' lang='lat' dir='ltr'><strong>cuicunque</strong></span> <span class='ocrx_word' id='word_1_114' title='bbox 2431 2735 2499 2797; x_wconf 89' lang='lat' dir='ltr'><strong>et</strong></span> <span class='ocrx_word' id='word_1_115' title='bbox 2549 2729 3037 2818; x_wconf 84' lang='lat' dir='ltr'><strong>quibuscunque</strong></span> <span class='ocrx_word' id='word_1_116' title='bbox 3089 2730 3415 2798; x_wconf 85' lang='lat' dir='ltr'><strong>voluerint</strong></span> <span class='ocrx_word' id='word_1_117' title='bbox 3462 2731 3549 2797; x_wconf 86' lang='lat' dir='ltr'><strong>ad</strong></span> 
     </span>
    </p>
   </div>
   <div class='ocr_carea' id='block_1_3' title="bbox 799 2869 1538 2957">
    <p class='ocr_par' dir='ltr' id='par_1_5' title="bbox 799 2869 1538 2957">
     <span class='ocr_line' id='line_1_14' title="bbox 799 2869 1538 2957; baseline 0.003 -23"><span class='ocrx_word' id='word_1_118' title='bbox 799 2869 1205 2936; x_wconf 76' lang='lat' dir='ltr'><strong>voluntatem</strong></span> <span class='ocrx_word' id='word_1_119' title='bbox 1233 2869 1538 2957; x_wconf 84' lang='lat' dir='ltr'><strong>ipsorum.</strong></span> 
     </span>
    </p>
   </div>
   <div class='ocr_carea' id='block_1_4' title="bbox 801 3031 3551 4771">
    <p class='ocr_par' dir='ltr' id='par_1_6' title="bbox 801 3031 3551 4771">
     <span class='ocr_line' id='line_1_15' title="bbox 889 3031 3547 3123; baseline -0 -23"><span class='ocrx_word' id='word_1_120' title='bbox 889 3034 984 3100; x_wconf 84' lang='lat' dir='ltr'><strong>Et</strong></span> <span class='ocrx_word' id='word_1_121' title='bbox 1033 3035 1206 3121; x_wconf 88' lang='lat' dir='ltr'><strong>quod</strong></span> <span class='ocrx_word' id='word_1_122' title='bbox 1257 3034 1450 3101; x_wconf 90' lang='lat' dir='ltr'><strong>iidem</strong></span> <span class='ocrx_word' id='word_1_123' title='bbox 1507 3033 1860 3121; x_wconf 84' lang='lat' dir='ltr'><strong>burgenses</strong></span> <span class='ocrx_word' id='word_1_124' title='bbox 1903 3035 2110 3101; x_wconf 83' lang='lat' dir='ltr'><strong>nostri</strong></span> <span class='ocrx_word' id='word_1_125' title='bbox 2159 3035 2465 3123; x_wconf 74' lang='lat' dir='ltr'><strong>distringi</strong></span> <span class='ocrx_word' id='word_1_126' title='bbox 2515 3058 2649 3101; x_wconf 92' lang='lat' dir='ltr'><strong>non</strong></span> <span class='ocrx_word' id='word_1_127' title='bbox 2695 3031 2975 3100; x_wconf 89' lang='lat' dir='ltr'><strong>debeant</strong></span> <span class='ocrx_word' id='word_1_128' title='bbox 3020 3033 3196 3099; x_wconf 83' lang='lat' dir='ltr'><strong>exire</strong></span> <span class='ocrx_word' id='word_1_129' title='bbox 3247 3034 3547 3120; x_wconf 87' lang='lat' dir='ltr'><strong>antiquas</strong></span> 
     </span>
     <span class='ocr_line' id='line_1_16' title="bbox 807 3134 3546 3258; baseline -0 -21"><span class='ocrx_word' id='word_1_130' title='bbox 807 3170 1057 3237; x_wconf 81' lang='lat' dir='ltr'><strong>bundas</strong></span> <span class='ocrx_word' id='word_1_131' title='bbox 1093 3169 1410 3237; x_wconf 81' lang='lat' dir='ltr'><strong>libertatis</strong></span> <span class='ocrx_word' id='word_1_132' title='bbox 1454 3171 1605 3237; x_wconf 81' lang='lat' dir='ltr'><strong>ville</strong></span> <span class='ocrx_word' id='word_1_133' title='bbox 1648 3170 1932 3258; x_wconf 87' lang='lat' dir='ltr'><strong>predicte</strong></span> <span class='ocrx_word' id='word_1_134' title='bbox 1976 3175 2200 3237; x_wconf 89' lang='lat' dir='ltr'><strong>contra</strong></span> <span class='ocrx_word' id='word_1_135' title='bbox 2243 3194 2466 3237; x_wconf 89' lang='lat' dir='ltr'><strong>eorum</strong></span> <span class='ocrx_word' id='word_1_136' title='bbox 2508 3134 2911 3237; x_wconf 66' lang='lat' dir='ltr'><strong>voluntatem</strong></span> <span class='ocrx_word' id='word_1_137' title='bbox 2952 3170 3035 3237; x_wconf 87' lang='lat' dir='ltr'><strong>ad</strong></span> <span class='ocrx_word' id='word_1_138' title='bbox 3082 3171 3347 3257; x_wconf 77' lang='lat' dir='ltr'><strong>aliquod</strong></span> <span class='ocrx_word' id='word_1_139' title='bbox 3389 3170 3546 3236; x_wconf 83' lang='lat' dir='ltr'><strong>faei-</strong></span> 
     </span>
     <span class='ocr_line' id='line_1_17' title="bbox 803 3307 3549 3375; baseline 0 -2"><span class='ocrx_word' id='word_1_140' title='bbox 803 3310 1063 3375; x_wconf 85' lang='lat' dir='ltr'><strong>endum.</strong></span> <span class='ocrx_word' id='word_1_141' title='bbox 1188 3308 1282 3373; x_wconf 90' lang='lat' dir='ltr'><strong>Et</strong></span> <span class='ocrx_word' id='word_1_142' title='bbox 1339 3308 1501 3374; x_wconf 86' lang='lat' dir='ltr'><strong>tales</strong></span> <span class='ocrx_word' id='word_1_143' title='bbox 1567 3313 1720 3374; x_wconf 89' lang='lat' dir='ltr'><strong>sunt</strong></span> <span class='ocrx_word' id='word_1_144' title='bbox 1791 3308 2008 3375; x_wconf 90' lang='lat' dir='ltr'><strong>bunde</strong></span> <span class='ocrx_word' id='word_1_145' title='bbox 2079 3307 2399 3375; x_wconf 80' lang='lat' dir='ltr'><strong>libertatis</strong></span> <span class='ocrx_word' id='word_1_146' title='bbox 2474 3330 2696 3374; x_wconf 90' lang='lat' dir='ltr'><strong>eorum</strong></span> <span class='ocrx_word' id='word_1_147' title='bbox 2752 3307 3051 3374; x_wconf 83' lang='lat' dir='ltr'><strong>videlicet</strong></span> <span class='ocrx_word' id='word_1_148' title='bbox 3108 3308 3281 3374; x_wconf 91' lang='lat' dir='ltr'><strong>inter</strong></span> <span class='ocrx_word' id='word_1_149' title='bbox 3334 3308 3549 3374; x_wconf 74' lang='lat' dir='ltr'><strong>locum</strong></span> 
     </span>
     <span class='ocr_line' id='line_1_18' title="bbox 801 3445 3549 3533; baseline 0 -22"><span class='ocrx_word' id='word_1_150' title='bbox 801 3453 1102 3514; x_wconf 78' lang='lat' dir='ltr'><strong>vocatum</strong></span> <span class='ocrx_word' id='word_1_151' title='bbox 1160 3445 1230 3513; x_wconf 84' lang='lat' dir='ltr'>N</span> <span class='ocrx_word' id='word_1_152' title='bbox 1233 3468 1510 3513; x_wconf 75' lang='lat' dir='ltr'><strong>nwmcfl</strong></span> <span class='ocrx_word' id='word_1_153' title='bbox 1568 3451 1634 3513; x_wconf 90' lang='lat' dir='ltr'><strong>et</strong></span> <span class='ocrx_word' id='word_1_154' title='bbox 1694 3445 2215 3513; x_wconf 71' lang='lat' dir='ltr'><strong>Tmnnncnossn</strong></span> <span class='ocrx_word' id='word_1_155' title='bbox 2274 3451 2341 3513; x_wconf 91' lang='lat' dir='ltr'><strong>et</strong></span> <span class='ocrx_word' id='word_1_156' title='bbox 2390 3447 2719 3533; x_wconf 86' lang='lat' dir='ltr'><strong>quandam</strong></span> <span class='ocrx_word' id='word_1_157' title='bbox 2764 3446 3038 3511; x_wconf 84' lang='lat' dir='ltr'><strong>divisam</strong></span> <span class='ocrx_word' id='word_1_158' title='bbox 3081 3446 3423 3511; x_wconf 87' lang='lat' dir='ltr'><strong>ducentem</strong></span> <span class='ocrx_word' id='word_1_159' title='bbox 3467 3446 3549 3513; x_wconf 90' lang='lat' dir='ltr'><strong>de</strong></span> 
     </span>
     <span class='ocr_line' id='line_1_19' title="bbox 805 3580 3549 3669; baseline -0.002 -18"><span class='ocrx_word' id='word_1_160' title='bbox 805 3583 1152 3651; x_wconf 73' lang='lat' dir='ltr'><strong>anmcn</strong></span> <span class='ocrx_word' id='word_1_161' title='bbox 1179 3606 1384 3669; x_wconf 91' lang='lat' dir='ltr'><strong>usque</strong></span> <span class='ocrx_word' id='word_1_162' title='bbox 1411 3583 1931 3650; x_wconf 70' lang='lat' dir='ltr'><strong>Tmnnmnossn</strong></span> <span class='ocrx_word' id='word_1_163' title='bbox 1961 3584 2134 3649; x_wconf 87' lang='lat' dir='ltr'><strong>inter</strong></span> <span class='ocrx_word' id='word_1_164' title='bbox 2159 3586 2400 3649; x_wconf 86' lang='lat' dir='ltr'><strong>terram</strong></span> <span class='ocrx_word' id='word_1_165' title='bbox 2429 3580 2731 3649; x_wconf 88' lang='lat' dir='ltr'><strong>abbathie</strong></span> <span class='ocrx_word' id='word_1_166' title='bbox 2758 3581 2839 3647; x_wconf 86' lang='lat' dir='ltr'><strong>de</strong></span> <span class='ocrx_word' id='word_1_167' title='bbox 2868 3580 3187 3648; x_wconf 72' lang='lat' dir='ltr'>MARGAM</span> <span class='ocrx_word' id='word_1_168' title='bbox 3215 3587 3281 3649; x_wconf 91' lang='lat' dir='ltr'><strong>et</strong></span> <span class='ocrx_word' id='word_1_169' title='bbox 3310 3586 3549 3647; x_wconf 84' lang='lat' dir='ltr'><strong>terram</strong></span> 
     </span>
     <span class='ocr_line' id='line_1_20' title="bbox 807 3718 3549 3807; baseline -0.002 -19"><span class='ocrx_word' id='word_1_170' title='bbox 807 3722 1108 3789; x_wconf 85' lang='lat' dir='ltr'><strong>abbathie</strong></span> <span class='ocrx_word' id='word_1_171' title='bbox 1136 3722 1218 3788; x_wconf 90' lang='lat' dir='ltr'><strong>de</strong></span> <span class='ocrx_word' id='word_1_172' title='bbox 1248 3720 1733 3787; x_wconf 72' lang='lat' dir='ltr'><strong>Tnoxnsnnnm</strong></span> <span class='ocrx_word' id='word_1_173' title='bbox 1761 3721 1833 3786; x_wconf 88' lang='lat' dir='ltr'><strong>in</strong></span> <span class='ocrx_word' id='word_1_174' title='bbox 1872 3725 2058 3807; x_wconf 83' lang='lat' dir='ltr'><strong>parte</strong></span> <span class='ocrx_word' id='word_1_175' title='bbox 2103 3719 2401 3785; x_wconf 73' lang='lat' dir='ltr'><strong>orientali</strong></span> <span class='ocrx_word' id='word_1_176' title='bbox 2444 3721 2509 3784; x_wconf 90' lang='lat' dir='ltr'><strong>et</strong></span> <span class='ocrx_word' id='word_1_177' title='bbox 2553 3718 2876 3804; x_wconf 89' lang='lat' dir='ltr'><strong>quendam</strong></span> <span class='ocrx_word' id='word_1_178' title='bbox 2921 3718 3205 3784; x_wconf 88' lang='lat' dir='ltr'><strong>rivulum</strong></span> <span class='ocrx_word' id='word_1_179' title='bbox 3249 3723 3549 3785; x_wconf 86' lang='lat' dir='ltr'><strong>vocatum</strong></span> 
     </span>
     <span class='ocr_line' id='line_1_21' title="bbox 807 3854 3547 3945; baseline -0.001 -20"><span class='ocrx_word' id='word_1_180' title='bbox 807 3858 1196 3927; x_wconf 57' lang='lat' dir='ltr'><strong>Bmmix</strong></span> <span class='ocrx_word' id='word_1_181' title='bbox 1227 3860 1340 3945; x_wconf 90' lang='lat' dir='ltr'><strong>qui</strong></span> <span class='ocrx_word' id='word_1_182' title='bbox 1369 3858 1612 3926; x_wconf 78' lang='lat' dir='ltr'><strong>solebat</strong></span> <span class='ocrx_word' id='word_1_183' title='bbox 1641 3880 1892 3925; x_wconf 87' lang='lat' dir='ltr'><strong>currere</strong></span> <span class='ocrx_word' id='word_1_184' title='bbox 1937 3860 2017 3923; x_wconf 92' lang='lat' dir='ltr'><strong>de</strong></span> <span class='ocrx_word' id='word_1_185' title='bbox 2062 3879 2232 3943; x_wconf 83' lang='lat' dir='ltr'><strong>aqua</strong></span> <span class='ocrx_word' id='word_1_186' title='bbox 2275 3856 2542 3922; x_wconf 80' lang='lat' dir='ltr'><strong>australi</strong></span> <span class='ocrx_word' id='word_1_187' title='bbox 2586 3878 2788 3941; x_wconf 88' lang='lat' dir='ltr'><strong>usque</strong></span> <span class='ocrx_word' id='word_1_188' title='bbox 2834 3878 3071 3941; x_wconf 89' lang='lat' dir='ltr'><strong>aquam</strong></span> <span class='ocrx_word' id='word_1_189' title='bbox 3112 3854 3423 3921; x_wconf 86' lang='lat' dir='ltr'><strong>borialem</strong></span> <span class='ocrx_word' id='word_1_190' title='bbox 3465 3857 3547 3923; x_wconf 91' lang='lat' dir='ltr'><strong>de</strong></span> 
     </span>
     <span class='ocr_line' id='line_1_22' title="bbox 803 3996 3546 4085; baseline 0.001 -22"><span class='ocrx_word' id='word_1_191' title='bbox 803 3996 1104 4063; x_wconf 64' lang='lat' dir='ltr'><strong>Knnrno</strong></span> <span class='ocrx_word' id='word_1_192' title='bbox 1148 3997 1219 4062; x_wconf 93' lang='lat' dir='ltr'><strong>in</strong></span> <span class='ocrx_word' id='word_1_193' title='bbox 1263 4005 1445 4083; x_wconf 86' lang='lat' dir='ltr'><strong>parte</strong></span> <span class='ocrx_word' id='word_1_194' title='bbox 1489 3999 1868 4065; x_wconf 83' lang='lat' dir='ltr'><strong>occidentali</strong></span> <span class='ocrx_word' id='word_1_195' title='bbox 1907 4004 1974 4064; x_wconf 89' lang='lat' dir='ltr'><strong>et</strong></span> <span class='ocrx_word' id='word_1_196' title='bbox 2000 3999 2347 4065; x_wconf 83' lang='lat' dir='ltr'><strong>medietate</strong></span> <span class='ocrx_word' id='word_1_197' title='bbox 2376 4020 2597 4065; x_wconf 86' lang='lat' dir='ltr'><strong>cursus</strong></span> <span class='ocrx_word' id='word_1_198' title='bbox 2626 4020 2791 4084; x_wconf 89' lang='lat' dir='ltr'><strong>aque</strong></span> <span class='ocrx_word' id='word_1_199' title='bbox 2820 3998 2901 4064; x_wconf 92' lang='lat' dir='ltr'><strong>de</strong></span> <span class='ocrx_word' id='word_1_200' title='bbox 2930 3997 3231 4064; x_wconf 67' lang='lat' dir='ltr'><strong>mem</strong></span> <span class='ocrx_word' id='word_1_201' title='bbox 3261 3998 3333 4064; x_wconf 92' lang='lat' dir='ltr'><strong>in</strong></span> <span class='ocrx_word' id='word_1_202' title='bbox 3360 4004 3546 4085; x_wconf 86' lang='lat' dir='ltr'><strong>parte</strong></span> 
     </span>
     <span class='ocr_line' id='line_1_23' title="bbox 807 4132 3549 4223; baseline 0.001 -22"><span class='ocrx_word' id='word_1_203' title='bbox 807 4132 1034 4201; x_wconf 86' lang='lat' dir='ltr'><strong>boriali</strong></span> <span class='ocrx_word' id='word_1_204' title='bbox 1071 4157 1111 4200; x_wconf 89' lang='lat' dir='ltr'><strong>a</strong></span> <span class='ocrx_word' id='word_1_205' title='bbox 1153 4132 1714 4202; x_wconf 73' lang='lat' dir='ltr'><strong>Howno&#39;rnsronn</strong></span> <span class='ocrx_word' id='word_1_206' title='bbox 1758 4136 2071 4202; x_wconf 82' lang='lat' dir='ltr'><strong>currentis</strong></span> <span class='ocrx_word' id='word_1_207' title='bbox 2113 4136 2198 4202; x_wconf 86' lang='lat' dir='ltr'><strong>ad</strong></span> <span class='ocrx_word' id='word_1_208' title='bbox 2241 4157 2418 4202; x_wconf 87' lang='lat' dir='ltr'><strong>mare</strong></span> <span class='ocrx_word' id='word_1_209' title='bbox 2462 4142 2529 4203; x_wconf 89' lang='lat' dir='ltr'><strong>et</strong></span> <span class='ocrx_word' id='word_1_210' title='bbox 2571 4136 2820 4223; x_wconf 88' lang='lat' dir='ltr'><strong>regiam</strong></span> <span class='ocrx_word' id='word_1_211' title='bbox 2862 4137 3037 4201; x_wconf 82' lang='lat' dir='ltr'><strong>viam</strong></span> <span class='ocrx_word' id='word_1_212' title='bbox 3080 4137 3423 4203; x_wconf 89' lang='lat' dir='ltr'><strong>ducentem</strong></span> <span class='ocrx_word' id='word_1_213' title='bbox 3467 4137 3549 4203; x_wconf 91' lang='lat' dir='ltr'><strong>de</strong></span> 
     </span>
     <span class='ocr_line' id='line_1_24' title="bbox 805 4270 3547 4360; baseline 0 -21"><span class='ocrx_word' id='word_1_214' title='bbox 805 4270 1321 4339; x_wconf 68' lang='lat' dir='ltr'><strong>Tmnnmnossn</strong></span> <span class='ocrx_word' id='word_1_215' title='bbox 1353 4274 1437 4337; x_wconf 85' lang='lat' dir='ltr'><strong>ad</strong></span> <span class='ocrx_word' id='word_1_216' title='bbox 1465 4294 1716 4339; x_wconf 84' lang='lat' dir='ltr'><strong>crucem</strong></span> <span class='ocrx_word' id='word_1_217' title='bbox 1753 4276 1821 4340; x_wconf 88' lang='lat' dir='ltr'><strong>et</strong></span> <span class='ocrx_word' id='word_1_218' title='bbox 1864 4272 1954 4338; x_wconf 87' lang='lat' dir='ltr'><strong>sic</strong></span> <span class='ocrx_word' id='word_1_219' title='bbox 1997 4274 2078 4339; x_wconf 90' lang='lat' dir='ltr'><strong>de</strong></span> <span class='ocrx_word' id='word_1_220' title='bbox 2122 4273 2297 4339; x_wconf 84' lang='lat' dir='ltr'><strong>dicta</strong></span> <span class='ocrx_word' id='word_1_221' title='bbox 2338 4296 2521 4339; x_wconf 86' lang='lat' dir='ltr'><strong>cruce</strong></span> <span class='ocrx_word' id='word_1_222' title='bbox 2564 4294 2768 4358; x_wconf 85' lang='lat' dir='ltr'><strong>usque</strong></span> <span class='ocrx_word' id='word_1_223' title='bbox 2811 4272 3204 4339; x_wconf 63' lang='lat' dir='ltr'><strong>Bmzmx</strong></span> <span class='ocrx_word' id='word_1_224' title='bbox 3246 4272 3318 4338; x_wconf 92' lang='lat' dir='ltr'><strong>in</strong></span> <span class='ocrx_word' id='word_1_225' title='bbox 3361 4278 3547 4360; x_wconf 87' lang='lat' dir='ltr'><strong>parte</strong></span> 
     </span>
     <span class='ocr_line' id='line_1_25' title="bbox 803 4408 3551 4495; baseline 0.001 -21"><span class='ocrx_word' id='word_1_226' title='bbox 803 4408 1089 4476; x_wconf 81' lang='lat' dir='ltr'><strong>australi.</strong></span> <span class='ocrx_word' id='word_1_227' title='bbox 1181 4408 1276 4475; x_wconf 88' lang='lat' dir='ltr'><strong>Et</strong></span> <span class='ocrx_word' id='word_1_228' title='bbox 1315 4410 1490 4495; x_wconf 90' lang='lat' dir='ltr'><strong>quod</strong></span> <span class='ocrx_word' id='word_1_229' title='bbox 1531 4410 1752 4476; x_wconf 87' lang='lat' dir='ltr'><strong>nullus</strong></span> <span class='ocrx_word' id='word_1_230' title='bbox 1781 4413 2125 4477; x_wconf 89' lang='lat' dir='ltr'><strong>extraneus</strong></span> <span class='ocrx_word' id='word_1_231' title='bbox 2153 4416 2339 4477; x_wconf 81' lang='lat' dir='ltr'><strong>extra</strong></span> <span class='ocrx_word' id='word_1_232' title='bbox 2364 4410 2693 4476; x_wconf 77' lang='lat' dir='ltr'><strong>nundinas</strong></span> <span class='ocrx_word' id='word_1_233' title='bbox 2722 4409 2824 4475; x_wconf 80' lang='lat' dir='ltr'><strong>vel</strong></span> <span class='ocrx_word' id='word_1_234' title='bbox 2853 4410 3064 4475; x_wconf 88' lang='lat' dir='ltr'><strong>forum</strong></span> <span class='ocrx_word' id='word_1_235' title='bbox 3092 4409 3267 4476; x_wconf 79' lang='lat' dir='ltr'><strong>infra</strong></span> <span class='ocrx_word' id='word_1_236' title='bbox 3295 4408 3551 4477; x_wconf 88' lang='lat' dir='ltr'><strong>bundas</strong></span> 
     </span>
     <span class='ocr_line' id='line_1_26' title="bbox 807 4546 3547 4634; baseline 0 -21"><span class='ocrx_word' id='word_1_237' title='bbox 807 4549 1120 4631; x_wconf 71' lang='lat' dir='ltr'><strong>predictas</strong></span> <span class='ocrx_word' id='word_1_238' title='bbox 1175 4547 1424 4633; x_wconf 87' lang='lat' dir='ltr'><strong>aliquas</strong></span> <span class='ocrx_word' id='word_1_239' title='bbox 1479 4546 1956 4615; x_wconf 86' lang='lat' dir='ltr'><strong>merchandisas</strong></span> <span class='ocrx_word' id='word_1_240' title='bbox 2008 4548 2089 4614; x_wconf 90' lang='lat' dir='ltr'><strong>de</strong></span> <span class='ocrx_word' id='word_1_241' title='bbox 2133 4548 2351 4634; x_wconf 82' lang='lat' dir='ltr'><strong>aliquo</strong></span> <span class='ocrx_word' id='word_1_242' title='bbox 2402 4551 2709 4614; x_wconf 81' lang='lat' dir='ltr'><strong>extraneo</strong></span> <span class='ocrx_word' id='word_1_243' title='bbox 2760 4553 2934 4613; x_wconf 81' lang='lat' dir='ltr'><strong>emat</strong></span> <span class='ocrx_word' id='word_1_244' title='bbox 2984 4548 3110 4613; x_wconf 88' lang='lat' dir='ltr'><strong>nisi</strong></span> <span class='ocrx_word' id='word_1_245' title='bbox 3162 4551 3423 4613; x_wconf 86' lang='lat' dir='ltr'><strong>tantum</strong></span> <span class='ocrx_word' id='word_1_246' title='bbox 3464 4548 3547 4614; x_wconf 85' lang='lat' dir='ltr'><strong>de</strong></span> 
     </span>
     <span class='ocr_line' id='line_1_27' title="bbox 812 4677 3549 4771; baseline 0.001 -24"><span class='ocrx_word' id='word_1_247' title='bbox 812 4677 1228 4769; x_wconf 85' lang='lat' dir='ltr'><strong>burgensibus</strong></span> <span class='ocrx_word' id='word_1_248' title='bbox 1257 4684 1493 4749; x_wconf 84' lang='lat' dir='ltr'><strong>nostris</strong></span> <span class='ocrx_word' id='word_1_249' title='bbox 1521 4683 1816 4769; x_wconf 81' lang='lat' dir='ltr'><strong>ejusdem</strong></span> <span class='ocrx_word' id='word_1_250' title='bbox 1853 4690 2070 4771; x_wconf 88' lang='lat' dir='ltr'><strong>preter</strong></span> <span class='ocrx_word' id='word_1_251' title='bbox 2107 4686 2387 4771; x_wconf 86' lang='lat' dir='ltr'><strong>gentiles</strong></span> <span class='ocrx_word' id='word_1_252' title='bbox 2427 4684 2723 4751; x_wconf 88' lang='lat' dir='ltr'><strong>homines</strong></span> <span class='ocrx_word' id='word_1_253' title='bbox 2763 4686 2845 4751; x_wconf 88' lang='lat' dir='ltr'><strong>de</strong></span> <span class='ocrx_word' id='word_1_254' title='bbox 2891 4686 3437 4751; x_wconf 51' lang='lat' dir='ltr'><strong>eunomium</strong></span> <span class='ocrx_word' id='word_1_255' title='bbox 3482 4687 3549 4749; x_wconf 91' lang='lat' dir='ltr'><strong>et</strong></span> 
     </span>
    </p>
   </div>
   <div class='ocr_carea' id='block_1_5' title="bbox 799 4812 3545 4908">
    <p class='ocr_par' dir='ltr' id='par_1_7' title="bbox 799 4812 3545 4908">
     <span class='ocr_line' id='line_1_28' title="bbox 799 4812 3545 4908; baseline 0.002 -26"><span class='ocrx_word' id='word_1_256' title='bbox 799 4812 1220 4887; x_wconf 56' lang='lat' dir='ltr'><strong>Momm-scu</strong></span> <span class='ocrx_word' id='word_1_257' title='bbox 1245 4844 1362 4908; x_wconf 89' lang='lat' dir='ltr'><strong>pro</strong></span> <span class='ocrx_word' id='word_1_258' title='bbox 1393 4819 1779 4887; x_wconf 87' lang='lat' dir='ltr'><strong>victualibus</strong></span> <span class='ocrx_word' id='word_1_259' title='bbox 1807 4843 2028 4888; x_wconf 88' lang='lat' dir='ltr'><strong>eorum</strong></span> <span class='ocrx_word' id='word_1_260' title='bbox 2057 4825 2124 4889; x_wconf 86' lang='lat' dir='ltr'><strong>et</strong></span> <span class='ocrx_word' id='word_1_261' title='bbox 2152 4842 2284 4889; x_wconf 92' lang='lat' dir='ltr'><strong>non</strong></span> <span class='ocrx_word' id='word_1_262' title='bbox 2314 4821 2567 4888; x_wconf 88' lang='lat' dir='ltr'><strong>racione</strong></span> <span class='ocrx_word' id='word_1_263' title='bbox 2596 4821 3054 4888; x_wconf 84' lang='lat' dir='ltr'><strong>merchandise.</strong></span> <span class='ocrx_word' id='word_1_264' title='bbox 3146 4818 3290 4887; x_wconf 85' lang='lat' dir='ltr'><strong>Nec</strong></span> <span class='ocrx_word' id='word_1_265' title='bbox 3310 4818 3545 4906; x_wconf 86' lang='lat' dir='ltr'><strong>aliquis</strong></span> 
     </span>
    </p>
   </div>
  </div>
 </body>
</html>
