4418 5888
3279 922 3406 988 321

747 1245 1067 1313 olameum
1095 1205 1483 1311 demandam
1510 1245 1579 1310 et
1604 1241 1909 1310 interesse
1942 1263 2069 1328 que
2106 1261 2400 1328 unquam
2438 1239 2642 1309 habui
2681 1237 2888 1312 babeo
2931 1261 3046 1308 seu
3085 1237 3508 1326 quovismodo

748 1382 822 1450 in
858 1381 1159 1450 futurum
1190 1381 1426 1450 habere
1468 1385 1691 1468 potero
1732 1380 1837 1447 vel
1878 1379 2164 1466 poterint
2205 1378 2473 1447 heredes
2514 1378 2646 1446 mei
2689 1378 2772 1446 de
2817 1381 2910 1478 et⁶
2929 1377 3002 1444 in
3045 1399 3182 1444 una
3225 1375 3506 1464 parcella

751 1525 921 1590 ten-e
947 1543 1097 1590 cum
1125 1519 1423 1587 omnibus
1450 1518 1584 1587 suis
1609 1516 2022 1606 pertinenciis
2058 1520 2254 1605 prout
2291 1537 2318 1604 J
2326 1519 2467 1582 acet
2507 1537 2624 1604 per
2665 1537 2812 1582 suas
2853 1513 3155 1601 antiquas
3194 1517 3402 1581 metas
3441 1517 3516 1580 et

752 1658 1009 1728 bundas
1034 1657 1227 1747 juxta
1254 1661 1520 1746 pontem
1548 1655 1631 1723 de
1656 1654 1978 1722 Ewmmr
2014 1653 2089 1721 in
2126 1652 2414 1722 dominio
2453 1656 2520 1722 et
2559 1651 2862 1740 parochis
2904 1652 2986 1720 de
3028 1649 3297 1719 Oorm
3339 1651 3514 1719 inter

754 1796 1039 1864 rivulum
1086 1796 1168 1864 de
1214 1795 1535 1863 Ewsm
1580 1817 1663 1862 ex
1710 1815 1847 1860 una
1889 1795 2075 1881 perte
2120 1795 2187 1859 et
2235 1795 2440 1860 terras
2483 1790 2755 1878 predicti
2781 1789 3056 1858 maon
3099 1788 3514 1857 Srmnntc

754 1933 983 2003 militis
1025 1933 1267 2002 vocatis
1308 1939 1347 1970 “
1366 1932 1482 2000 the
1524 1931 1765 2000 (inm-r.
1808 1929 2009 1998 Fun
2047 1929 2290 1998 Fumi
2309 1927 2353 1961 ’'
2394 1951 2478 1996 ex
2520 1929 2724 1996 altera
2771 1932 2956 2016 parte
2992 1926 3273 1995 habente
3311 1930 3516 1994 terras
3649 1927 3654 1934 ’

756 2071 1103 2140 Εῡπωι
1143 2070 1338 2138 cim<
1378 2069 1606 2136 militis
1640 2091 1723 2136 ex
1758 2091 1901 2136 uno
1929 2069 2476 2136 latere—vocatas
2515 2071 2555 2102 “
2573 2065 2688 2132 the
2714 2062 2950 2132 Lmn·
2979 2063 3180 2131 Fun
3206 2063 3448 2132 Fruar.
3467 2061 3512 2094 ’⁹

756 2213 915 2278 —et
948 2209 1201 2298 regiam
1238 2207 1413 2274 viam
1440 2209 1734 2274 vocatam
1764 2204 1930 2273 “the
1956 2202 2404 2272 PoR‘rnwu”
2433 2226 2516 2270 ex
2543 2201 2745 2270 altero
2773 2201 2992 2270 latere.
3077 2199 3225 2275 Quo
3254 2201 3520 2297 quidem

759 2345 1039 2435 parcella.
1064 2349 1233 2412 terre
1260 2367 1469 2432 nuper
1494 2343 1629 2411 fuit
1657 2341 2117 2410 Onmsrornm
2146 2338 2434 2408 Tuaen.
2463 2339 2787 2430 armigeri.
2878 2339 2992 2407 Ite.
3015 2339 3317 2408 videlicet
3342 2340 3520 2428 quod

760 2507 881 2552 nec
920 2505 1044 2572 ego
1086 2480 1377 2570 prefatus
1417 2480 1466 2550 J
1467 2502 1785 2549 omns
1825 2503 1944 2549 nec
1966 2479 2236 2548 heredes
2261 2479 2393 2546 mei
2419 2501 2630 2566 neque
2657 2476 2892 2564 aliquis
2919 2477 3087 2545 alius
3112 2501 3230 2566 per
3255 2500 3374 2544 nos
3399 2499 3524 2565 pro

763 2620 951 2690 nobis
977 2643 1092 2688 seu
1118 2620 1380 2688 nomine
1408 2622 1627 2687 nostro
1654 2617 1921 2706 aliquod
1953 2615 2065 2706 jus
2098 2615 2372 2686 titulum
2402 2615 2792 2684 demandam
2819 2638 2934 2682 seu
2960 2615 3264 2684 interesse
3293 2615 3376 2683 de
3403 2619 3522 2683 aut

763 2758 835 2826 in
862 2759 1150 2848 predicte.
1176 2757 1460 2846 parcella
1486 2761 1654 2825 terre
1683 2777 1831 2824 cum
1859 2753 2159 2823 omnibus
2186 2754 2320 2823 suis
2345 2753 2759 2842 pertinenciis
2783 2775 2994 2840 neque
3020 2751 3093 2820 in
3121 2753 3340 2841 aliqua
3366 2751 3521 2822 inde

762 2895 1041 2985 parcens
1068 2898 1150 2966 de
1179 2900 1387 2965 cetero
1416 2895 1691 2964 clamare
1718 2895 1825 2963 vel
1851 2893 2191 2964 vendicare
2219 2890 2572 2987 poterimus
2597 2911 2717 2959 neo
2755 2888 3061 2958 debemus
3103 2889 3521 2977 quovismodo

763 3037 836 3104 in
864 3037 1179 3104 futurum.
1271 3034 1401 3101 Sed
1429 3032 1513 3101 sb
1546 3034 1724 3101 omni
1766 3033 2019 3100 actione
2059 3030 2228 3120 juris
2268 3028 2450 3097 tituli
2492 3026 2720 3094 clamei
2761 3026 3079 3094 demendo
3107 3028 3176 3094 et
3214 3026 3518 3097 interesse

762 3169 917 3235 inde
946 3172 1147 3235 simus
1172 3168 1431 3255 penitus
1458 3166 1701 3236 exclusi
1727 3166 2206 3255 imperpetuum
2233 3188 2350 3254 per
2375 3166 2716 3252 presentes.
2777 3161 2874 3229 Et
2901 3184 3022 3251 ego
3049 3184 3200 3229 vero
3227 3162 3519 3255 prefatus

762 3302 813 3373 J
810 3326 1130 3371 omasus
1158 3326 1257 3391 ap,
1271 3303 1477 3371 Hom.
1505 3308 1573 3372 et
1597 3303 1864 3383 heredes
1890 3304 2021 3373 mei
2046 3302 2404 3391 predictam
2430 3298 2778 3388 parcellam
2818 3302 2987 3365 terre
3029 3321 3177 3365 oum
3219 3300 3520 3369 omm'bus

764 3440 897 3507 suis
923 3440 1335 3527 pertinenciis
1360 3441 1647 3529 predicto
1689 3439 1945 3508 Tuon
1989 3438 2403 3537 Srmnnnro
2443 3434 2642 3503 militi
2681 3433 3026 3506 heredibus
3067 3439 3135 3503 et
3174 3437 3518 3526 assignatis

764 3578 897 3645 suis
925 3580 1148 3644 conia-a
1182 3598 1403 3645 omnes
1438 3578 2001 3646 warantizabimus
2042 3580 2111 3645 et
2149 3575 2628 3665 imperpetuum
2671 3570 3110 3640 defendemus.
3199 3574 3287 3642 In
3331 3575 3436 3665 cuj
3441 3600 3521 3645 us

762 3715 860 3783 rei
886 3713 1330 3782 testimonium
1354 3714 1509 3783 huic
1534 3714 1817 3803 presenti
1844 3714 2079 3804 scripto
2106 3736 2251 3781 meo
2295 3711 2584 3801 sigillum
2625 3732 2846 3779 meum
2887 3712 3176 3800 apposui.
3264 3712 3518 3785 Datum

767 3861 901 3917 11²0
934 3850 1042 3916 die
1068 3849 1305 3917 mensis
1331 3849 1500 3918 Maii
1528 3873 1701 3918 anno
1726 3850 1917 3939 regni
1942 3850 2289 3917 Enwm1
2318 3848 2484 3919 sexfi
2511 3847 2642 3916 Dei
2667 3849 2882 3937 gratia
2900 3848 3182 3917 Anam
3205 3850 3522 3922 Famem

765 3992 833 4056 et
882 3986 1247 4054 Hmnrmm
1308 3986 1513 4077 Regis
1565 3986 1722 4056 fidei
1776 3987 2130 4055 defensoris
2184 3992 2254 4057 et
2307 3987 2380 4055 in
2437 3992 2610 4053 terra
2665 3986 2923 4053 ecclesie
2980 3984 3392 4057 Asamum
3451 3996 3520 4060 et

766 4123 1133 4192 Hrsnnmn
1176 4125 1459 4213 supremi
1500 4126 1728 4213 capitis
1768 4125 2065 4193 secundo.

852 4262 996 4331 One
1024 4262 1157 4330 seul
1181 4262 1254 4329 in
1281 4265 1398 4332 red
1424 4286 1589 4331 wax.
1678 4262 2072 4351 Impression
2098 4260 2452 4330 indistinct.

682 4512 689 4519 .
850 4426 1320 4495 Endorsed—‘f
1339 4426 1717 4517 sigillatum
1788 4430 1858 4495 et
1926 4424 2354 4494 deliberatum
2424 4428 2524 4493 est
2583 4423 2706 4492 hoc
2763 4446 3024 4512 presens
3079 4428 3390 4516 scriptum
3403 4392 3418 4405 ⁴
3445 4434 3519 4501 in

764 4562 1091 4651 presencia
1133 4560 1456 4634 willelmi
1498 4564 1729 4654 Han-y
1788 4563 2091 4653 Hopkyn
2132 4562 2418 4632 Thomas
2473 4562 2767 4651 Philippi
2808 4562 3140 4634 william
3195 4566 3520 4639 willelmi

765 4698 967 4789 Tyler
996 4707 1062 4770 et
1088 4702 1300 4771 aliis.”

853 4863 1202 4934 Relaxeoio
1230 4864 1278 4933 J
1278 4865 1553 4935 ohannis
1579 4888 1664 4955 ap
1692 4863 1957 4934 Howell
1983 4866 2066 4934 de
2093 4864 2374 4954 parcella.
2398 4868 2568 4932 terre
2593 4886 2793 4953 prope
2821 4869 3088 4953 pontem
3122 4866 3440 4959 Ewenny.
