<?xml version="1.0" encoding="UTF-8"?>
<!DOCTYPE html PUBLIC "-//W3C//DTD XHTML 1.0 Transitional//EN"
    "http://www.w3.org/TR/xhtml1/DTD/xhtml1-transitional.dtd">
<html xmlns="http://www.w3.org/1999/xhtml" xml:lang="en" lang="en">
 <head>
  <title>
</title>
<meta http-equiv="Content-Type" content="text/html;charset=utf-8" />
  <meta name='ocr-system' content='tesseract 3.04.00' />
  <meta name='ocr-capabilities' content='ocr_page ocr_carea ocr_par ocr_line ocrx_word'/>
</head>
<body>
  <div class='ocr_page' id='page_1' title='image "./cartetaliamunim00diogoog_0119.png"; bbox 0 0 4418 5888; ppageno 0'>
   <div class='ocr_carea' id='block_1_1' title="bbox 3353 871 3439 938">
    <p class='ocr_par' dir='ltr' id='par_1_1' title="bbox 3353 871 3439 938">
     <span class='ocr_line' id='line_1_1' title="bbox 3353 871 3439 938; baseline 0.012 -1"><span class='ocrx_word' id='word_1_1' title='bbox 3353 871 3439 938; x_wconf 80' lang='lat'>95</span> 
     </span>
    </p>
   </div>
   <div class='ocr_carea' id='block_1_2' title="bbox 757 1179 3534 3880">
    <p class='ocr_par' dir='ltr' id='par_1_2' title="bbox 757 1179 3534 3880">
     <span class='ocr_line' id='line_1_2' title="bbox 861 1179 3532 1280; baseline 0.002 -31"><span class='ocrx_word' id='word_1_2' title='bbox 861 1181 958 1249; x_wconf 88' lang='lat' dir='ltr'>Et</span> <span class='ocrx_word' id='word_1_3' title='bbox 1007 1205 1124 1250; x_wconf 92' lang='lat' dir='ltr'>nos</span> <span class='ocrx_word' id='word_1_4' title='bbox 1179 1181 1376 1270; x_wconf 78' lang='lat' dir='ltr'><strong>igiter</strong></span> <span class='ocrx_word' id='word_1_5' title='bbox 1429 1181 1780 1248; x_wconf 73' lang='lat' dir='ltr'>RchRnos</span> <span class='ocrx_word' id='word_1_6' title='bbox 1830 1182 1913 1248; x_wconf 91' lang='lat' dir='ltr'>de</span> <span class='ocrx_word' id='word_1_7' title='bbox 1969 1179 2206 1280; x_wconf 62' lang='lat' dir='ltr'>Bsmo</span> <span class='ocrx_word' id='word_1_8' title='bbox 2271 1179 2510 1248; x_wconf 77' lang='lat' dir='ltr'>CAMPo</span> <span class='ocrx_word' id='word_1_9' title='bbox 2562 1183 2643 1248; x_wconf 93' lang='lat' dir='ltr'>de</span> <span class='ocrx_word' id='word_1_10' title='bbox 2700 1180 2981 1250; x_wconf 81' lang='lat' dir='ltr'>uberiori</span> <span class='ocrx_word' id='word_1_11' title='bbox 3040 1184 3253 1271; x_wconf 83' lang='lat' dir='ltr'>gratia</span> <span class='ocrx_word' id='word_1_12' title='bbox 3310 1189 3532 1254; x_wconf 83' lang='lat' dir='ltr'>nostra</span> 
     </span>
     <span class='ocr_line' id='line_1_3' title="bbox 771 1317 3528 1407; baseline 0.001 -19"><span class='ocrx_word' id='word_1_13' title='bbox 771 1320 1197 1389; x_wconf 69' lang='lat' dir='ltr'><strong>concessimus</strong></span> <span class='ocrx_word' id='word_1_14' title='bbox 1246 1319 1486 1388; x_wconf 84' lang='lat' dir='ltr'>eisdem</span> <span class='ocrx_word' id='word_1_15' title='bbox 1541 1317 1972 1407; x_wconf 68' lang='lat' dir='ltr'>burgensibus</span> <span class='ocrx_word' id='word_1_16' title='bbox 2014 1319 2253 1386; x_wconf 85' lang='lat' dir='ltr'>nostris</span> <span class='ocrx_word' id='word_1_17' title='bbox 2302 1343 2525 1386; x_wconf 88' lang='lat' dir='ltr'>eorum</span> <span class='ocrx_word' id='word_1_18' title='bbox 2568 1319 2911 1388; x_wconf 87' lang='lat' dir='ltr'>heredibus</span> <span class='ocrx_word' id='word_1_19' title='bbox 2956 1325 3025 1388; x_wconf 91' lang='lat' dir='ltr'>et</span> <span class='ocrx_word' id='word_1_20' title='bbox 3071 1321 3528 1392; x_wconf 87' lang='lat' dir='ltr'>successoribus</span> 
     </span>
     <span class='ocr_line' id='line_1_4' title="bbox 773 1456 3531 1548; baseline 0.001 -22"><span class='ocrx_word' id='word_1_21' title='bbox 773 1457 948 1526; x_wconf 60' lang='lat' dir='ltr'>inira</span> <span class='ocrx_word' id='word_1_22' title='bbox 973 1457 1259 1546; x_wconf 82' lang='lat' dir='ltr'>burgum</span> <span class='ocrx_word' id='word_1_23' title='bbox 1287 1461 1582 1525; x_wconf 87' lang='lat' dir='ltr'>nostrum</span> <span class='ocrx_word' id='word_1_24' title='bbox 1607 1456 1970 1545; x_wconf 84' lang='lat' dir='ltr'>predictum</span> <span class='ocrx_word' id='word_1_25' title='bbox 1995 1457 2424 1524; x_wconf 77' lang='lat' dir='ltr'>residentibus</span> <span class='ocrx_word' id='word_1_26' title='bbox 2453 1460 2627 1546; x_wconf 90' lang='lat' dir='ltr'>quod</span> <span class='ocrx_word' id='word_1_27' title='bbox 2656 1458 2711 1524; x_wconf 92' lang='lat' dir='ltr'>si</span> <span class='ocrx_word' id='word_1_28' title='bbox 2738 1458 2863 1546; x_wconf 89' lang='lat' dir='ltr'>ipsi</span> <span class='ocrx_word' id='word_1_29' title='bbox 2902 1462 3018 1526; x_wconf 87' lang='lat' dir='ltr'>aut</span> <span class='ocrx_word' id='word_1_30' title='bbox 3046 1482 3268 1528; x_wconf 88' lang='lat' dir='ltr'>eorum</span> <span class='ocrx_word' id='word_1_31' title='bbox 3296 1460 3531 1548; x_wconf 79' lang='lat' dir='ltr'>aliquis</span> 
     </span>
     <span class='ocr_line' id='line_1_5' title="bbox 775 1595 3531 1684; baseline 0.001 -22"><span class='ocrx_word' id='word_1_32' title='bbox 775 1601 1102 1684; x_wconf 87' lang='lat' dir='ltr'>ponantur</span> <span class='ocrx_word' id='word_1_33' title='bbox 1133 1596 1206 1664; x_wconf 89' lang='lat' dir='ltr'>in</span> <span class='ocrx_word' id='word_1_34' title='bbox 1243 1619 1540 1684; x_wconf 86' lang='lat' dir='ltr'>processu</span> <span class='ocrx_word' id='word_1_35' title='bbox 1575 1596 1648 1663; x_wconf 89' lang='lat' dir='ltr'>in</span> <span class='ocrx_word' id='word_1_36' title='bbox 1687 1595 1999 1664; x_wconf 84' lang='lat' dir='ltr'>comitatu</span> <span class='ocrx_word' id='word_1_37' title='bbox 2036 1597 2140 1662; x_wconf 86' lang='lat' dir='ltr'>vel</span> <span class='ocrx_word' id='word_1_38' title='bbox 2184 1595 2256 1662; x_wconf 90' lang='lat' dir='ltr'>in</span> <span class='ocrx_word' id='word_1_39' title='bbox 2298 1596 2443 1663; x_wconf 87' lang='lat' dir='ltr'>aliis</span> <span class='ocrx_word' id='word_1_40' title='bbox 2486 1595 2808 1663; x_wconf 85' lang='lat' dir='ltr'>curiarum</span> <span class='ocrx_word' id='word_1_41' title='bbox 2849 1597 3215 1664; x_wconf 82' lang='lat' dir='ltr'>nostrarum</span> <span class='ocrx_word' id='word_1_42' title='bbox 3258 1597 3531 1665; x_wconf 89' lang='lat' dir='ltr'>dominii</span> 
     </span>
     <span class='ocr_line' id='line_1_6' title="bbox 773 1731 3531 1821; baseline 0 -19"><span class='ocrx_word' id='word_1_43' title='bbox 773 1734 977 1802; x_wconf 80' lang='lat' dir='ltr'>nostri</span> <span class='ocrx_word' id='word_1_44' title='bbox 1023 1731 1457 1801; x_wconf 73' lang='lat' dir='ltr'><strong>GLAMORGAN</strong></span> <span class='ocrx_word' id='word_1_45' title='bbox 1502 1737 1570 1802; x_wconf 92' lang='lat' dir='ltr'>et</span> <span class='ocrx_word' id='word_1_46' title='bbox 1611 1731 2150 1800; x_wconf 69' lang='lat' dir='ltr'>Mommsen</span> <span class='ocrx_word' id='word_1_47' title='bbox 2184 1735 2359 1819; x_wconf 89' lang='lat' dir='ltr'>quod</span> <span class='ocrx_word' id='word_1_48' title='bbox 2389 1733 2514 1820; x_wconf 89' lang='lat' dir='ltr'>ipsi</span> <span class='ocrx_word' id='word_1_49' title='bbox 2540 1732 2893 1821; x_wconf 80' lang='lat' dir='ltr'>burgenses</span> <span class='ocrx_word' id='word_1_50' title='bbox 2920 1755 3143 1801; x_wconf 88' lang='lat' dir='ltr'>eorum</span> <span class='ocrx_word' id='word_1_51' title='bbox 3168 1733 3435 1802; x_wconf 87' lang='lat' dir='ltr'>heredes</span> <span class='ocrx_word' id='word_1_52' title='bbox 3463 1739 3531 1803; x_wconf 90' lang='lat' dir='ltr'>et</span> 
     </span>
     <span class='ocr_line' id='line_1_7' title="bbox 773 1869 3532 1959; baseline 0 -19"><span class='ocrx_word' id='word_1_53' title='bbox 773 1893 1158 1940; x_wconf 87' lang='lat' dir='ltr'>successores</span> <span class='ocrx_word' id='word_1_54' title='bbox 1185 1875 1254 1938; x_wconf 91' lang='lat' dir='ltr'>et</span> <span class='ocrx_word' id='word_1_55' title='bbox 1281 1893 1503 1938; x_wconf 87' lang='lat' dir='ltr'>eorum</span> <span class='ocrx_word' id='word_1_56' title='bbox 1532 1869 1806 1958; x_wconf 72' lang='lat' dir='ltr'>quilibet</span> <span class='ocrx_word' id='word_1_57' title='bbox 1847 1870 2023 1936; x_wconf 70' lang='lat' dir='ltr'>infra</span> <span class='ocrx_word' id='word_1_58' title='bbox 2063 1870 2477 1938; x_wconf 86' lang='lat' dir='ltr'>hundredum</span> <span class='ocrx_word' id='word_1_59' title='bbox 2512 1875 2805 1938; x_wconf 83' lang='lat' dir='ltr'>nostrum</span> <span class='ocrx_word' id='word_1_60' title='bbox 2842 1873 2923 1939; x_wconf 89' lang='lat' dir='ltr'>de</span> <span class='ocrx_word' id='word_1_61' title='bbox 2960 1871 3217 1939; x_wconf 64' lang='lat' dir='ltr'>Num</span> <span class='ocrx_word' id='word_1_62' title='bbox 3245 1870 3532 1959; x_wconf 83' lang='lat' dir='ltr'>predicto</span> 
     </span>
     <span class='ocr_line' id='line_1_8' title="bbox 779 2007 3531 2096; baseline 0 -19"><span class='ocrx_word' id='word_1_63' title='bbox 779 2013 847 2077; x_wconf 85' lang='lat' dir='ltr'>et</span> <span class='ocrx_word' id='word_1_64' title='bbox 888 2009 1131 2076; x_wconf 88' lang='lat' dir='ltr'>ibidem</span> <span class='ocrx_word' id='word_1_65' title='bbox 1172 2007 1358 2076; x_wconf 78' lang='lat' dir='ltr'>triari</span> <span class='ocrx_word' id='word_1_66' title='bbox 1398 2008 1647 2096; x_wconf 76' lang='lat' dir='ltr'>possint</span> <span class='ocrx_word' id='word_1_67' title='bbox 1673 2007 1777 2074; x_wconf 81' lang='lat' dir='ltr'>vel</span> <span class='ocrx_word' id='word_1_68' title='bbox 1805 2008 2006 2095; x_wconf 90' lang='lat' dir='ltr'>possit</span> <span class='ocrx_word' id='word_1_69' title='bbox 2031 2007 2273 2074; x_wconf 81' lang='lat' dir='ltr'>futuris</span> <span class='ocrx_word' id='word_1_70' title='bbox 2300 2007 2696 2096; x_wconf 78' lang='lat' dir='ltr'>temporibus</span> <span class='ocrx_word' id='word_1_71' title='bbox 2724 2008 3050 2076; x_wconf 79' lang='lat' dir='ltr'>duraturis</span> <span class='ocrx_word' id='word_1_72' title='bbox 3077 2010 3182 2077; x_wconf 79' lang='lat' dir='ltr'>vel</span> <span class='ocrx_word' id='word_1_73' title='bbox 3210 2009 3267 2077; x_wconf 88' lang='lat' dir='ltr'>si</span> <span class='ocrx_word' id='word_1_74' title='bbox 3295 2008 3531 2096; x_wconf 84' lang='lat' dir='ltr'>aliquis</span> 
     </span>
     <span class='ocr_line' id='line_1_9' title="bbox 777 2144 3533 2234; baseline 0 -20"><span class='ocrx_word' id='word_1_75' title='bbox 777 2148 883 2216; x_wconf 80' lang='lat' dir='ltr'>vel</span> <span class='ocrx_word' id='word_1_76' title='bbox 909 2170 1132 2214; x_wconf 89' lang='lat' dir='ltr'>eorum</span> <span class='ocrx_word' id='word_1_77' title='bbox 1160 2144 1364 2234; x_wconf 80' lang='lat' dir='ltr'>aliqui</span> <span class='ocrx_word' id='word_1_78' title='bbox 1392 2151 1722 2214; x_wconf 78' lang='lat' dir='ltr'>accusatus</span> <span class='ocrx_word' id='word_1_79' title='bbox 1750 2149 1866 2213; x_wconf 87' lang='lat' dir='ltr'>aut</span> <span class='ocrx_word' id='word_1_80' title='bbox 1893 2145 2282 2213; x_wconf 78' lang='lat' dir='ltr'>attachiatus</span> <span class='ocrx_word' id='word_1_81' title='bbox 2308 2145 2511 2212; x_wconf 81' lang='lat' dir='ltr'>fuerit</span> <span class='ocrx_word' id='word_1_82' title='bbox 2536 2147 2956 2234; x_wconf 86' lang='lat' dir='ltr'>imposterum</span> <span class='ocrx_word' id='word_1_83' title='bbox 2980 2146 3053 2214; x_wconf 90' lang='lat' dir='ltr'>in</span> <span class='ocrx_word' id='word_1_84' title='bbox 3082 2147 3392 2214; x_wconf 84' lang='lat' dir='ltr'>comitatu</span> <span class='ocrx_word' id='word_1_85' title='bbox 3418 2169 3533 2216; x_wconf 87' lang='lat' dir='ltr'>seu</span> 
     </span>
     <span class='ocr_line' id='line_1_10' title="bbox 777 2282 3529 2371; baseline -0 -20"><span class='ocrx_word' id='word_1_86' title='bbox 777 2283 848 2351; x_wconf 94' lang='lat' dir='ltr'>in</span> <span class='ocrx_word' id='word_1_87' title='bbox 875 2284 1096 2371; x_wconf 84' lang='lat' dir='ltr'>aliqua</span> <span class='ocrx_word' id='word_1_88' title='bbox 1123 2283 1298 2351; x_wconf 87' lang='lat' dir='ltr'>curia</span> <span class='ocrx_word' id='word_1_89' title='bbox 1329 2283 1652 2350; x_wconf 84' lang='lat' dir='ltr'>curiarum</span> <span class='ocrx_word' id='word_1_90' title='bbox 1680 2287 2045 2350; x_wconf 83' lang='lat' dir='ltr'>nostrarum</span> <span class='ocrx_word' id='word_1_91' title='bbox 2073 2282 2347 2350; x_wconf 91' lang='lat' dir='ltr'>dominii</span> <span class='ocrx_word' id='word_1_92' title='bbox 2374 2284 2577 2351; x_wconf 85' lang='lat' dir='ltr'>nostri</span> <span class='ocrx_word' id='word_1_93' title='bbox 2620 2285 2701 2351; x_wconf 91' lang='lat' dir='ltr'>de</span> <span class='ocrx_word' id='word_1_94' title='bbox 2748 2282 3182 2352; x_wconf 76' lang='lat' dir='ltr'>GLAMORGAN</span> <span class='ocrx_word' id='word_1_95' title='bbox 3226 2289 3293 2352; x_wconf 92' lang='lat' dir='ltr'>et</span> <span class='ocrx_word' id='word_1_96' title='bbox 3334 2283 3529 2352; x_wconf 75' lang='lat' dir='ltr'>Mon·</span> 
     </span>
     <span class='ocr_line' id='line_1_11' title="bbox 779 2420 3533 2508; baseline -0 -20"><span class='ocrx_word' id='word_1_97' title='bbox 779 2443 1152 2489; x_wconf 65' lang='lat' dir='ltr'>amnuens</span> <span class='ocrx_word' id='word_1_98' title='bbox 1181 2424 1442 2508; x_wconf 77' lang='lat' dir='ltr'>propter</span> <span class='ocrx_word' id='word_1_99' title='bbox 1469 2421 1713 2488; x_wconf 79' lang='lat' dir='ltr'>felonia</span> <span class='ocrx_word' id='word_1_100' title='bbox 1741 2421 1916 2507; x_wconf 89' lang='lat' dir='ltr'>quod</span> <span class='ocrx_word' id='word_1_101' title='bbox 1941 2422 2077 2508; x_wconf 91' lang='lat' dir='ltr'>peti</span> <span class='ocrx_word' id='word_1_102' title='bbox 2105 2420 2282 2488; x_wconf 83' lang='lat' dir='ltr'>infra</span> <span class='ocrx_word' id='word_1_103' title='bbox 2310 2421 2555 2488; x_wconf 87' lang='lat' dir='ltr'>curiam</span> <span class='ocrx_word' id='word_1_104' title='bbox 2583 2426 2869 2489; x_wconf 85' lang='lat' dir='ltr'>nostram</span> <span class='ocrx_word' id='word_1_105' title='bbox 2890 2423 2971 2489; x_wconf 92' lang='lat' dir='ltr'>de</span> <span class='ocrx_word' id='word_1_106' title='bbox 2992 2421 3305 2490; x_wconf 72' lang='lat' dir='ltr'>Nssm’s</span> <span class='ocrx_word' id='word_1_107' title='bbox 3327 2421 3533 2489; x_wconf 74' lang='lat' dir='ltr'>Imm</span> 
     </span>
     <span class='ocr_line' id='line_1_12' title="bbox 777 2556 3534 2649; baseline -0.001 -22"><span class='ocrx_word' id='word_1_108' title='bbox 777 2559 1026 2647; x_wconf 90' lang='lat' dir='ltr'>possint</span> <span class='ocrx_word' id='word_1_109' title='bbox 1053 2559 1158 2626; x_wconf 82' lang='lat' dir='ltr'>vel</span> <span class='ocrx_word' id='word_1_110' title='bbox 1184 2559 1386 2646; x_wconf 88' lang='lat' dir='ltr'>possit</span> <span class='ocrx_word' id='word_1_111' title='bbox 1413 2562 1480 2626; x_wconf 91' lang='lat' dir='ltr'>et</span> <span class='ocrx_word' id='word_1_112' title='bbox 1506 2556 1749 2626; x_wconf 88' lang='lat' dir='ltr'>ibidem</span> <span class='ocrx_word' id='word_1_113' title='bbox 1783 2559 1968 2625; x_wconf 86' lang='lat' dir='ltr'>triari</span> <span class='ocrx_word' id='word_1_114' title='bbox 2005 2563 2073 2626; x_wconf 90' lang='lat' dir='ltr'>et</span> <span class='ocrx_word' id='word_1_115' title='bbox 2109 2559 2444 2626; x_wconf 82' lang='lat' dir='ltr'>terminari</span> <span class='ocrx_word' id='word_1_116' title='bbox 2483 2558 2761 2627; x_wconf 88' lang='lat' dir='ltr'>debeant</span> <span class='ocrx_word' id='word_1_117' title='bbox 2796 2582 2912 2646; x_wconf 90' lang='lat' dir='ltr'>per</span> <span class='ocrx_word' id='word_1_118' title='bbox 2947 2559 3301 2648; x_wconf 86' lang='lat' dir='ltr'>burgenses</span> <span class='ocrx_word' id='word_1_119' title='bbox 3336 2559 3534 2649; x_wconf 80' lang='lat' dir='ltr'>burgi</span> 
     </span>
     <span class='ocr_line' id='line_1_13' title="bbox 771 2694 3526 2786; baseline 0.001 -23"><span class='ocrx_word' id='word_1_120' title='bbox 771 2695 978 2764; x_wconf 85' lang='lat' dir='ltr'>nostri</span> <span class='ocrx_word' id='word_1_121' title='bbox 1013 2694 1288 2784; x_wconf 78' lang='lat' dir='ltr'>predicti</span> <span class='ocrx_word' id='word_1_122' title='bbox 1324 2718 1458 2763; x_wconf 89' lang='lat' dir='ltr'>non</span> <span class='ocrx_word' id='word_1_123' title='bbox 1495 2718 1610 2783; x_wconf 91' lang='lat' dir='ltr'>per</span> <span class='ocrx_word' id='word_1_124' title='bbox 1646 2694 1992 2762; x_wconf 79' lang='lat' dir='ltr'>forinsecos</span> <span class='ocrx_word' id='word_1_125' title='bbox 2036 2700 2103 2762; x_wconf 88' lang='lat' dir='ltr'>et</span> <span class='ocrx_word' id='word_1_126' title='bbox 2139 2696 2411 2763; x_wconf 78' lang='lat' dir='ltr'>ulterius</span> <span class='ocrx_word' id='word_1_127' title='bbox 2457 2719 2679 2764; x_wconf 89' lang='lat' dir='ltr'>omnes</span> <span class='ocrx_word' id='word_1_128' title='bbox 2714 2695 3043 2764; x_wconf 78' lang='lat' dir='ltr'>libertates</span> <span class='ocrx_word' id='word_1_129' title='bbox 3079 2697 3367 2784; x_wconf 80' lang='lat' dir='ltr'>predicta</span> <span class='ocrx_word' id='word_1_130' title='bbox 3407 2720 3526 2786; x_wconf 90' lang='lat' dir='ltr'>pro</span> 
     </span>
     <span class='ocr_line' id='line_1_14' title="bbox 779 2831 3533 2922; baseline 0.001 -22"><span class='ocrx_word' id='word_1_131' title='bbox 779 2832 964 2901; x_wconf 92' lang='lat' dir='ltr'>nobis</span> <span class='ocrx_word' id='word_1_132' title='bbox 1002 2837 1070 2901; x_wconf 90' lang='lat' dir='ltr'>et</span> <span class='ocrx_word' id='word_1_133' title='bbox 1107 2831 1448 2900; x_wconf 89' lang='lat' dir='ltr'>heredibus</span> <span class='ocrx_word' id='word_1_134' title='bbox 1477 2833 1712 2900; x_wconf 85' lang='lat' dir='ltr'>nostris</span> <span class='ocrx_word' id='word_1_135' title='bbox 1737 2837 1878 2899; x_wconf 84' lang='lat' dir='ltr'>tam</span> <span class='ocrx_word' id='word_1_136' title='bbox 1905 2833 1986 2900; x_wconf 90' lang='lat' dir='ltr'>de</span> <span class='ocrx_word' id='word_1_137' title='bbox 2015 2855 2182 2900; x_wconf 84' lang='lat' dir='ltr'>novo</span> <span class='ocrx_word' id='word_1_138' title='bbox 2209 2855 2325 2920; x_wconf 90' lang='lat' dir='ltr'>per</span> <span class='ocrx_word' id='word_1_139' title='bbox 2353 2857 2471 2900; x_wconf 90' lang='lat' dir='ltr'>nos</span> <span class='ocrx_word' id='word_1_140' title='bbox 2499 2856 2820 2901; x_wconf 80' lang='lat' dir='ltr'>concessas</span> <span class='ocrx_word' id='word_1_141' title='bbox 2847 2857 3043 2920; x_wconf 67' lang='lat' dir='ltr'>quam</span> <span class='ocrx_word' id='word_1_142' title='bbox 3073 2857 3189 2921; x_wconf 90' lang='lat' dir='ltr'>per</span> <span class='ocrx_word' id='word_1_143' title='bbox 3216 2835 3533 2922; x_wconf 78' lang='lat' dir='ltr'>predictos</span> 
     </span>
     <span class='ocr_line' id='line_1_15' title="bbox 778 2935 3534 3059; baseline 0.001 -21"><span class='ocrx_word' id='word_1_144' title='bbox 778 2975 1202 3039; x_wconf 77' lang='lat' dir='ltr'>antecessores</span> <span class='ocrx_word' id='word_1_145' title='bbox 1221 2976 1474 3038; x_wconf 86' lang='lat' dir='ltr'>nostros</span> <span class='ocrx_word' id='word_1_146' title='bbox 1492 2935 1672 3058; x_wconf 61' lang='lat' dir='ltr'>prius</span> <span class='ocrx_word' id='word_1_147' title='bbox 1693 2972 1878 3037; x_wconf 86' lang='lat' dir='ltr'>datas</span> <span class='ocrx_word' id='word_1_148' title='bbox 1904 2972 2207 3057; x_wconf 81' lang='lat' dir='ltr'>predictis</span> <span class='ocrx_word' id='word_1_149' title='bbox 2235 2969 2664 3059; x_wconf 87' lang='lat' dir='ltr'>burgensibus</span> <span class='ocrx_word' id='word_1_150' title='bbox 2690 2976 2758 3039; x_wconf 92' lang='lat' dir='ltr'>et</span> <span class='ocrx_word' id='word_1_151' title='bbox 2785 2994 3005 3039; x_wconf 86' lang='lat' dir='ltr'>corum</span> <span class='ocrx_word' id='word_1_152' title='bbox 3032 2971 3534 3041; x_wconf 72' lang='lat' dir='ltr'>antecessoribus</span> 
     </span>
     <span class='ocr_line' id='line_1_16' title="bbox 757 3107 3526 3197; baseline 0 -21"><span class='ocrx_word' id='word_1_153' title='bbox 757 3109 1167 3176; x_wconf 69' lang='lat' dir='ltr'>‘ratificamus</span> <span class='ocrx_word' id='word_1_154' title='bbox 1193 3112 1262 3175; x_wconf 87' lang='lat' dir='ltr'>et</span> <span class='ocrx_word' id='word_1_155' title='bbox 1288 3108 1738 3175; x_wconf 85' lang='lat' dir='ltr'>confirmamus</span> <span class='ocrx_word' id='word_1_156' title='bbox 1760 3112 1826 3174; x_wconf 91' lang='lat' dir='ltr'>et</span> <span class='ocrx_word' id='word_1_157' title='bbox 1844 3107 1996 3175; x_wconf 88' lang='lat' dir='ltr'>huic</span> <span class='ocrx_word' id='word_1_158' title='bbox 2023 3108 2305 3194; x_wconf 88' lang='lat' dir='ltr'>presenti</span> <span class='ocrx_word' id='word_1_159' title='bbox 2328 3108 2560 3195; x_wconf 87' lang='lat' dir='ltr'>scripto</span> <span class='ocrx_word' id='word_1_160' title='bbox 2590 3109 2879 3197; x_wconf 87' lang='lat' dir='ltr'>sigillum</span> <span class='ocrx_word' id='word_1_161' title='bbox 2909 3108 3283 3177; x_wconf 79' lang='lat' dir='ltr'>cancellarie</span> <span class='ocrx_word' id='word_1_162' title='bbox 3309 3114 3526 3177; x_wconf 81' lang='lat' dir='ltr'>nostre</span> 
     </span>
     <span class='ocr_line' id='line_1_17' title="bbox 785 3244 3529 3332; baseline -0 -20"><span class='ocrx_word' id='word_1_163' title='bbox 785 3247 864 3314; x_wconf 89' lang='lat' dir='ltr'>de</span> <span class='ocrx_word' id='word_1_164' title='bbox 914 3245 1286 3312; x_wconf 64' lang='lat' dir='ltr'>Kanum</span> <span class='ocrx_word' id='word_1_165' title='bbox 1339 3245 1768 3332; x_wconf 85' lang='lat' dir='ltr'>apposuimus.</span> <span class='ocrx_word' id='word_1_166' title='bbox 1861 3244 2018 3311; x_wconf 90' lang='lat' dir='ltr'>Hiis</span> <span class='ocrx_word' id='word_1_167' title='bbox 2067 3244 2339 3313; x_wconf 82' lang='lat' dir='ltr'>testibus</span> <span class='ocrx_word' id='word_1_168' title='bbox 2396 3246 2867 3314; x_wconf 84' lang='lat' dir='ltr'>venerabilibus</span> <span class='ocrx_word' id='word_1_169' title='bbox 2923 3245 3080 3312; x_wconf 84' lang='lat' dir='ltr'>viris</span> <span class='ocrx_word' id='word_1_170' title='bbox 3136 3244 3529 3314; x_wconf 65' lang='lat' dir='ltr'>Wumzmo</span> 
     </span>
     <span class='ocr_line' id='line_1_18' title="bbox 781 3362 3532 3451; baseline 0.001 -2"><span class='ocrx_word' id='word_1_171' title='bbox 781 3383 1014 3451; x_wconf 81' lang='lat' dir='ltr'>abbate</span> <span class='ocrx_word' id='word_1_172' title='bbox 1043 3362 1124 3449; x_wconf 90' lang='lat' dir='ltr'>de</span> <span class='ocrx_word' id='word_1_173' title='bbox 1152 3382 1463 3449; x_wconf 73' lang='lat' dir='ltr'><strong>MARGAN</strong></span> <span class='ocrx_word' id='word_1_174' title='bbox 1500 3380 1820 3449; x_wconf 74' lang='lat' dir='ltr'>LanAN&#39;r</span> <span class='ocrx_word' id='word_1_175' title='bbox 1859 3381 2090 3449; x_wconf 83' lang='lat' dir='ltr'>abbate</span> <span class='ocrx_word' id='word_1_176' title='bbox 2135 3384 2217 3449; x_wconf 93' lang='lat' dir='ltr'>de</span> <span class='ocrx_word' id='word_1_177' title='bbox 2260 3383 2517 3449; x_wconf 76' lang='lat' dir='ltr'><strong>NEATH</strong></span> <span class='ocrx_word' id='word_1_178' title='bbox 2560 3383 2607 3449; x_wconf 85' lang='lat' dir='ltr'><strong>J</strong></span> <span class='ocrx_word' id='word_1_179' title='bbox 2608 3404 2893 3450; x_wconf 65' lang='lat' dir='ltr'>omns</span> <span class='ocrx_word' id='word_1_180' title='bbox 2938 3382 3332 3450; x_wconf 73' lang='lat' dir='ltr'>SrnAane</span> <span class='ocrx_word' id='word_1_181' title='bbox 3374 3388 3532 3451; x_wconf 89' lang='lat' dir='ltr'>tunc</span> 
     </span>
     <span class='ocr_line' id='line_1_19' title="bbox 785 3492 3533 3606; baseline -0.001 -18"><span class='ocrx_word' id='word_1_182' title='bbox 785 3492 1149 3588; x_wconf 83' lang='lat' dir='ltr'>vicecomite</span> <span class='ocrx_word' id='word_1_183' title='bbox 1179 3525 1396 3606; x_wconf 67' lang='lat' dir='ltr'>nostro</span> <span class='ocrx_word' id='word_1_184' title='bbox 1437 3518 1872 3587; x_wconf 75' lang='lat' dir='ltr'><strong>GLAMORGAN</strong></span> <span class='ocrx_word' id='word_1_185' title='bbox 1911 3517 1957 3586; x_wconf 85' lang='lat' dir='ltr'><strong>J</strong></span> <span class='ocrx_word' id='word_1_186' title='bbox 1960 3540 2245 3584; x_wconf 76' lang='lat' dir='ltr'>OHANNE</span> <span class='ocrx_word' id='word_1_187' title='bbox 2286 3524 2504 3586; x_wconf 86' lang='lat' dir='ltr'>sancto</span> <span class='ocrx_word' id='word_1_188' title='bbox 2542 3518 2589 3587; x_wconf 87' lang='lat' dir='ltr'><strong>J</strong></span> <span class='ocrx_word' id='word_1_189' title='bbox 2590 3540 2875 3585; x_wconf 77' lang='lat' dir='ltr'><strong>OHANNE</strong></span> <span class='ocrx_word' id='word_1_190' title='bbox 2913 3518 3263 3587; x_wconf 79' lang='lat' dir='ltr'><strong>GILBERTO</strong></span> <span class='ocrx_word' id='word_1_191' title='bbox 3294 3518 3533 3585; x_wconf 68' lang='lat' dir='ltr'>Dsrws</span> 
     </span>
     <span class='ocr_line' id='line_1_20' title="bbox 782 3654 3529 3724; baseline -0.001 -1"><span class='ocrx_word' id='word_1_192' title='bbox 782 3662 852 3723; x_wconf 85' lang='lat' dir='ltr'>et</span> <span class='ocrx_word' id='word_1_193' title='bbox 877 3657 1232 3723; x_wconf 78' lang='lat' dir='ltr'>EDWARDO</span> <span class='ocrx_word' id='word_1_194' title='bbox 1263 3656 1657 3723; x_wconf 69' lang='lat' dir='ltr'>Srmnmo</span> <span class='ocrx_word' id='word_1_195' title='bbox 1685 3654 2002 3722; x_wconf 81' lang='lat' dir='ltr'>militibus</span> <span class='ocrx_word' id='word_1_196' title='bbox 2030 3655 2075 3723; x_wconf 88' lang='lat' dir='ltr'><strong>J</strong></span> <span class='ocrx_word' id='word_1_197' title='bbox 2077 3677 2363 3721; x_wconf 73' lang='lat' dir='ltr'>onANNE</span> <span class='ocrx_word' id='word_1_198' title='bbox 2387 3654 2782 3721; x_wconf 74' lang='lat' dir='ltr'>LAWRENcs</span> <span class='ocrx_word' id='word_1_199' title='bbox 2814 3655 3165 3724; x_wconf 78' lang='lat' dir='ltr'>WALTERO</span> <span class='ocrx_word' id='word_1_200' title='bbox 3189 3656 3529 3722; x_wconf 69' lang='lat' dir='ltr'>Mons&#39;rou</span> 
     </span>
     <span class='ocr_line' id='line_1_21' title="bbox 790 3791 3533 3880; baseline 0 -22"><span class='ocrx_word' id='word_1_201' title='bbox 790 3791 1108 3859; x_wconf 65' lang='lat' dir='ltr'>Bonnam</span> <span class='ocrx_word' id='word_1_202' title='bbox 1137 3791 1406 3861; x_wconf 75' lang='lat' dir='ltr'>WALsH</span> <span class='ocrx_word' id='word_1_203' title='bbox 1445 3793 1805 3879; x_wconf 85' lang='lat' dir='ltr'>armigeriis</span> <span class='ocrx_word' id='word_1_204' title='bbox 1843 3797 1910 3859; x_wconf 91' lang='lat' dir='ltr'>et</span> <span class='ocrx_word' id='word_1_205' title='bbox 1947 3793 2107 3858; x_wconf 79' lang='lat' dir='ltr'>aliis,</span> <span class='ocrx_word' id='word_1_206' title='bbox 2200 3791 2391 3859; x_wconf 85' lang='lat' dir='ltr'>Teste</span> <span class='ocrx_word' id='word_1_207' title='bbox 2420 3816 2524 3859; x_wconf 91' lang='lat' dir='ltr'>me</span> <span class='ocrx_word' id='word_1_208' title='bbox 2554 3794 2691 3879; x_wconf 86' lang='lat' dir='ltr'>ipso</span> <span class='ocrx_word' id='word_1_209' title='bbox 2720 3794 2897 3880; x_wconf 82' lang='lat' dir='ltr'>apud</span> <span class='ocrx_word' id='word_1_210' title='bbox 2924 3792 3294 3859; x_wconf 61' lang='lat' dir='ltr'>KAERmr-r-</span> <span class='ocrx_word' id='word_1_211' title='bbox 3323 3794 3533 3880; x_wconf 88' lang='lat' dir='ltr'>primo</span> 
     </span>
    </p>
   </div>
   <div class='ocr_carea' id='block_1_3' title="bbox 783 3929 3474 4033">
    <p class='ocr_par' dir='ltr' id='par_1_3' title="bbox 783 3929 3474 4033">
     <span class='ocr_line' id='line_1_22' title="bbox 783 3929 3474 4033; baseline -0 -36"><span class='ocrx_word' id='word_1_212' title='bbox 783 3930 890 3997; x_wconf 83' lang='lat' dir='ltr'>die</span> <span class='ocrx_word' id='word_1_213' title='bbox 917 3930 1084 3997; x_wconf 85' lang='lat' dir='ltr'>Maii</span> <span class='ocrx_word' id='word_1_214' title='bbox 1113 3954 1285 4033; x_wconf 70' lang='lat' dir='ltr'>anno</span> <span class='ocrx_word' id='word_1_215' title='bbox 1312 3931 1500 4018; x_wconf 90' lang='lat' dir='ltr'>regni</span> <span class='ocrx_word' id='word_1_216' title='bbox 1531 3930 1736 4018; x_wconf 85' lang='lat' dir='ltr'>Regis</span> <span class='ocrx_word' id='word_1_217' title='bbox 1764 3930 2078 3996; x_wconf 73' lang='lat' dir='ltr'>Hssmum</span> <span class='ocrx_word' id='word_1_218' title='bbox 2114 3932 2327 4017; x_wconf 87' lang='lat' dir='ltr'>quinti</span> <span class='ocrx_word' id='word_1_219' title='bbox 2354 3936 2501 4018; x_wconf 84' lang='lat' dir='ltr'>post</span> <span class='ocrx_word' id='word_1_220' title='bbox 2528 3936 2946 4017; x_wconf 89' lang='lat' dir='ltr'>conquestum</span> <span class='ocrx_word' id='word_1_221' title='bbox 2973 3929 3255 3997; x_wconf 70' lang='lat' dir='ltr'>ANGLm</span> <span class='ocrx_word' id='word_1_222' title='bbox 3284 3952 3474 3997; x_wconf 78' lang='lat' dir='ltr'>nono,</span> 
     </span>
    </p>
   </div>
   <div class='ocr_carea' id='block_1_4' title="bbox 807 4068 3519 4385">
    <p class='ocr_par' dir='ltr' id='par_1_4' title="bbox 807 4068 3519 4385">
     <span class='ocr_line' id='line_1_23' title="bbox 891 4068 3517 4129; baseline 0 -14"><span class='ocrx_word' id='word_1_223' title='bbox 891 4068 954 4115; x_wconf 75' lang='lat' dir='ltr'>ot</span> <span class='ocrx_word' id='word_1_224' title='bbox 984 4068 1071 4116; x_wconf 79' lang='lat' dir='ltr'>the</span> <span class='ocrx_word' id='word_1_225' title='bbox 1101 4069 1356 4115; x_wconf 76' lang='lat' dir='ltr'>witnesses</span> <span class='ocrx_word' id='word_1_226' title='bbox 1387 4068 1472 4115; x_wconf 83' lang='lat' dir='ltr'>the</span> <span class='ocrx_word' id='word_1_227' title='bbox 1504 4068 1688 4115; x_wconf 80' lang='lat' dir='ltr'>Sheriff</span> <span class='ocrx_word' id='word_1_228' title='bbox 1716 4082 1819 4114; x_wconf 82' lang='lat' dir='ltr'>was</span> <span class='ocrx_word' id='word_1_229' title='bbox 1849 4068 1902 4113; x_wconf 78' lang='lat' dir='ltr'>of</span> <span class='ocrx_word' id='word_1_230' title='bbox 1933 4068 2006 4114; x_wconf 79' lang='lat' dir='ltr'>St.</span> <span class='ocrx_word' id='word_1_231' title='bbox 2029 4068 2277 4129; x_wconf 83' lang='lat' dir='ltr'>Donatts3</span> <span class='ocrx_word' id='word_1_232' title='bbox 2310 4068 2383 4117; x_wconf 79' lang='lat' dir='ltr'>St.</span> <span class='ocrx_word' id='word_1_233' title='bbox 2404 4068 2540 4115; x_wconf 83' lang='lat' dir='ltr'>John</span> <span class='ocrx_word' id='word_1_234' title='bbox 2571 4070 2625 4115; x_wconf 83' lang='lat' dir='ltr'>of</span> <span class='ocrx_word' id='word_1_235' title='bbox 2656 4068 2911 4127; x_wconf 66' lang='lat' dir='ltr'>Foumoug</span> <span class='ocrx_word' id='word_1_236' title='bbox 2944 4068 3116 4128; x_wconf 84' lang='lat' dir='ltr'>Denys</span> <span class='ocrx_word' id='word_1_237' title='bbox 3136 4082 3293 4115; x_wconf 80' lang='lat' dir='ltr'>seems</span> <span class='ocrx_word' id='word_1_238' title='bbox 3314 4073 3368 4114; x_wconf 85' lang='lat' dir='ltr'>to</span> <span class='ocrx_word' id='word_1_239' title='bbox 3389 4068 3517 4116; x_wconf 75' lang='lat' dir='ltr'>have</span> 
     </span>
     <span class='ocr_line' id='line_1_24' title="bbox 807 4142 3517 4214; baseline -0 -15"><span class='ocrx_word' id='word_1_240' title='bbox 807 4153 1030 4211; x_wconf 71' lang='lat' dir='ltr'>aequired</span> <span class='ocrx_word' id='word_1_241' title='bbox 1049 4167 1080 4199; x_wconf 82' lang='lat' dir='ltr'>a.</span> <span class='ocrx_word' id='word_1_242' title='bbox 1101 4152 1237 4213; x_wconf 75' lang='lat' dir='ltr'>large</span> <span class='ocrx_word' id='word_1_243' title='bbox 1259 4158 1492 4213; x_wconf 84' lang='lat' dir='ltr'>property</span> <span class='ocrx_word' id='word_1_244' title='bbox 1516 4152 1664 4199; x_wconf 82' lang='lat' dir='ltr'>south</span> <span class='ocrx_word' id='word_1_245' title='bbox 1685 4152 1738 4199; x_wconf 80' lang='lat' dir='ltr'>of</span> <span class='ocrx_word' id='word_1_246' title='bbox 1751 4142 2010 4211; x_wconf 66' lang='lat' dir='ltr'>‘Bridgend</span> <span class='ocrx_word' id='word_1_247' title='bbox 2031 4154 2152 4198; x_wconf 83' lang='lat' dir='ltr'>with</span> <span class='ocrx_word' id='word_1_248' title='bbox 2172 4153 2251 4199; x_wconf 86' lang='lat' dir='ltr'>his</span> <span class='ocrx_word' id='word_1_249' title='bbox 2270 4154 2387 4200; x_wconf 76' lang='lat' dir='ltr'>wite</span> <span class='ocrx_word' id='word_1_250' title='bbox 2406 4152 2441 4199; x_wconf 90' lang='lat' dir='ltr'><strong>J</strong></span> <span class='ocrx_word' id='word_1_251' title='bbox 2443 4168 2538 4199; x_wconf 79' lang='lat' dir='ltr'>oan</span> <span class='ocrx_word' id='word_1_252' title='bbox 2559 4154 2605 4200; x_wconf 86' lang='lat' dir='ltr'>le</span> <span class='ocrx_word' id='word_1_253' title='bbox 2625 4152 2757 4214; x_wconf 83' lang='lat' dir='ltr'>Eyre</span> <span class='ocrx_word' id='word_1_254' title='bbox 2778 4171 2791 4211; x_wconf 72' lang='grc' dir='ltr'>ς</span> <span class='ocrx_word' id='word_1_255' title='bbox 2818 4152 2993 4200; x_wconf 79' lang='lat' dir='ltr'>Walsh</span> <span class='ocrx_word' id='word_1_256' title='bbox 3018 4167 3118 4199; x_wconf 78' lang='lat' dir='ltr'>was</span> <span class='ocrx_word' id='word_1_257' title='bbox 3140 4154 3192 4199; x_wconf 83' lang='lat' dir='ltr'>of</span> <span class='ocrx_word' id='word_1_258' title='bbox 3222 4151 3517 4211; x_wconf 82' lang='lat' dir='ltr'>Llandough</span> 
     </span>
     <span class='ocr_line' id='line_1_25' title="bbox 807 4234 3519 4297; baseline 0 -16"><span class='ocrx_word' id='word_1_259' title='bbox 807 4234 968 4283; x_wconf 78' lang='lat' dir='ltr'>Oastle</span> <span class='ocrx_word' id='word_1_260' title='bbox 997 4238 1064 4297; x_wconf 77' lang='lat' dir='ltr'>by</span> <span class='ocrx_word' id='word_1_261' title='bbox 1095 4236 1414 4297; x_wconf 78' lang='lat' dir='ltr'>Oowbridge3</span> <span class='ocrx_word' id='word_1_262' title='bbox 1448 4236 1526 4283; x_wconf 85' lang='lat' dir='ltr'>his</span> <span class='ocrx_word' id='word_1_263' title='bbox 1554 4237 1799 4296; x_wconf 80' lang='lat' dir='ltr'>daughter</span> <span class='ocrx_word' id='word_1_264' title='bbox 1828 4237 1926 4283; x_wconf 78' lang='lat' dir='ltr'>and</span> <span class='ocrx_word' id='word_1_265' title='bbox 1959 4236 2063 4283; x_wconf 87' lang='lat' dir='ltr'>heir</span> <span class='ocrx_word' id='word_1_266' title='bbox 2093 4237 2303 4283; x_wconf 75' lang='lat' dir='ltr'>married</span> <span class='ocrx_word' id='word_1_267' title='bbox 2332 4236 2521 4297; x_wconf 81' lang='lat' dir='ltr'>Walsh‚</span> <span class='ocrx_word' id='word_1_268' title='bbox 2552 4237 2663 4285; x_wconf 81' lang='lat' dir='ltr'>who</span> <span class='ocrx_word' id='word_1_269' title='bbox 2693 4250 2797 4284; x_wconf 75' lang='lat' dir='ltr'>was</span> <span class='ocrx_word' id='word_1_270' title='bbox 2826 4237 2880 4283; x_wconf 78' lang='lat' dir='ltr'>of</span> <span class='ocrx_word' id='word_1_271' title='bbox 2908 4236 3118 4285; x_wconf 82' lang='lat' dir='ltr'>Goston.</span> <span class='ocrx_word' id='word_1_272' title='bbox 3179 4234 3442 4282; x_wconf 81' lang='lat' dir='ltr'>Lawrence</span> <span class='ocrx_word' id='word_1_273' title='bbox 3473 4236 3519 4281; x_wconf 80' lang='lat' dir='ltr'>is</span> 
     </span>
     <span class='ocr_line' id='line_1_26' title="bbox 809 4322 2385 4385; baseline 0.003 -18"><span class='ocrx_word' id='word_1_274' title='bbox 809 4322 1068 4371; x_wconf 78' lang='lat' dir='ltr'>unknown.</span> <span class='ocrx_word' id='word_1_275' title='bbox 1091 4372 1101 4377; x_wconf 68' lang='grc'>,</span> <span class='ocrx_word' id='word_1_276' title='bbox 1115 4324 1236 4377; x_wconf 66' lang='lat' dir='ltr'>,The</span> <span class='ocrx_word' id='word_1_277' title='bbox 1254 4324 1428 4371; x_wconf 82' lang='lat' dir='ltr'>Abbot</span> <span class='ocrx_word' id='word_1_278' title='bbox 1450 4324 1504 4370; x_wconf 76' lang='lat' dir='ltr'>of</span> <span class='ocrx_word' id='word_1_279' title='bbox 1532 4323 1761 4383; x_wconf 62' lang='lat' dir='ltr'>Margum</span> <span class='ocrx_word' id='word_1_280' title='bbox 1784 4338 1882 4369; x_wconf 86' lang='lat' dir='ltr'>was</span> <span class='ocrx_word' id='word_1_281' title='bbox 1901 4323 2122 4371; x_wconf 78' lang='lat' dir='ltr'>William</span> <span class='ocrx_word' id='word_1_282' title='bbox 2145 4324 2385 4385; x_wconf 79' lang='lat' dir='ltr'>Meyriek.</span> 
     </span>
    </p>
   </div>
  </div>
 </body>
</html>
